@article {Wong_2016,
author = {Wong, Brandon P. and Kerkez, Branko},
title = {Adaptive measurements of urban runoff quality},
journal = {Water Resources Research},
volume = {52},
number = {11},
issn = {1944-7973},
url = {http://dx.doi.org/10.1002/2015WR018013},
doi = {10.1002/2015WR018013},
pages = {8986--9000},
keywords = {Monitoring networks, Instruments and techniques: monitoring, Surface water quality, Estimation and forecasting, storm water, sensors, real-time measurements, adaptive sampling, first flush, nutrients, automated sampling, urban stream},
year = {2016},
}

@article{Wong_2016b,
	doi = {10.1016/j.envsoft.2016.07.020},
	url = {https://doi.org/10.1016\%2Fj.envsoft.2016.07.020},
	year = 2016,
	month = {oct},
	publisher = {Elsevier {BV}},
	volume = {84},
	pages = {505--517},
	author = {Brandon P. Wong and Branko Kerkez},
	title = {Real-time environmental sensor data: An application to water quality using web services},
	journal = {Environmental Modelling {\&} Software}
}

@article{Kerkez_2016,
author = {Kerkez, Branko and Gruden, Cyndee and Lewis, Matthew and Montestruque, Luis and Quigley, Marcus and Wong, Brandon and Bedig, Alex and Kertesz, Ruben and Braun, Tim and Cadwalader, Owen and Poresky, Aaron and Pak, Carrie},
title = {Smarter Stormwater Systems},
journal = {Environmental Science \& Technology},
volume = {50},
number = {14},
pages = {7267-7273},
year = {2016},
doi = {10.1021/acs.est.5b05870},
    note ={PMID: 27227574},
URL = { 
        http://dx.doi.org/10.1021/acs.est.5b05870
},
eprint = { 
        http://dx.doi.org/10.1021/acs.est.5b05870
}
}

@article{Emerson_2005,
	doi = {10.1061/(asce)1084-0699(2005)10:3(237)},
	url = {https://doi.org/10.1061\%2F\%28asce\%291084-0699\%282005\%2910\%3A3\%28237\%29},
	year = 2005,
	month = {may},
	publisher = {American Society of Civil Engineers ({ASCE})},
	volume = {10},
	number = {3},
	pages = {237--242},
	author = {Clay H. Emerson and Claire Welty and Robert G. Traver},
	title = {Watershed-Scale Evaluation of a System of Storm Water Detention Basins},
	journal = {Journal of Hydrologic Engineering}
}

@article{Bartos_2018,
	doi = {10.1039/c7ew00374a},
	url = {https://doi.org/10.1039%2Fc7ew00374a},
	year = 2018,
	publisher = {Royal Society of Chemistry ({RSC})},
	volume = {4},
	number = {3},
	pages = {346--358},
	author = {Matthew Bartos and Brandon Wong and Branko Kerkez},
	title = {Open storm: a complete framework for sensing and control of urban watersheds},
	journal = {Environmental Science: Water Research {\&} Technology}
}

@article{Mullapudi_2017,
	doi = {10.1039/c6ew00211k},
	url = {https://doi.org/10.1039\%2Fc6ew00211k},
	year = 2017,
	publisher = {Royal Society of Chemistry ({RSC})},
	volume = {3},
	number = {1},
	pages = {66--77},
	author = {Abhiram Mullapudi and Brandon P. Wong and Branko Kerkez},
	title = {Emerging investigators series: building a theory for smart stormwater systems},
	journal = {Environ. Sci.: Water Res. Technol.}
}

@article{Ahn_2005,
	doi = {10.1021/es0501464},
	url = {https://doi.org/10.1021\%2Fes0501464},
	year = 2005,
	month = {aug},
	publisher = {American Chemical Society ({ACS})},
	volume = {39},
	number = {16},
	pages = {5940--5953},
	author = {Jong Ho Ahn and Stanley B. Grant and Cristiane Q. Surbeck and Paul M. DiGiacomo and Nikolay P. Nezlin and Sunny Jiang},
	title = {Coastal Water Quality Impact of Stormwater Runoff from an Urban Watershed in Southern California},
	journal = {Environmental Science {\&} Technology}
}

@article{Carey_2014,
	doi = {10.1021/es500252j},
	url = {https://doi.org/10.1021\%2Fes500252j},
	year = 2014,
	month = {jul},
	publisher = {American Chemical Society ({ACS})},
	volume = {48},
	number = {14},
	pages = {7756--7765},
	author = {Richard O. Carey and Wilfred M. Wollheim and Gopal K. Mulukutla and Madeleine M. Mineau},
	title = {Characterizing Storm-Event Nitrate Fluxes in a Fifth Order Suburbanizing Watershed Using In Situ Sensors},
	journal = {Environmental Science {\&} Technology}
}

@inproceedings{Montestruque_2015,
	doi = {10.1145/2738935.2738948},
	url = {https://doi.org/10.1145\%2F2738935.2738948},
	year = 2015,
	publisher = {{ACM} Press},
	author = {Luis Montestruque and M. D. Lemmon},
	title = {Globally Coordinated Distributed Storm Water Management System},
	booktitle = {Proceedings of the 1st {ACM} International Workshop on Cyber-Physical Systems for Smart Water Networks - {CySWater}{\textquotesingle}15}
}

@article{Mollerup_2016,
    title = {{Controlling sewer systems – a critical review based on systems in three EU cities}},
    year = {2016},
    journal = {http://dx.doi.org/10.1080/1573062X.2016.1148183},
    author = {Mollerup, A. L. and Mikkelsen, P. S. and Thornberg, D. and Sin, G.},
    publisher = {Taylor {\&} Francis},
    keywords = {Real Time Control (RTC), control, design, sewerage, urban water planning}
}

@article{Wright_2017,
	doi = {10.1680/jsmic.17.00017},
	url = {https://doi.org/10.1680%2Fjsmic.17.00017},
	year = 2017,
	month = {dec},
	publisher = {Thomas Telford Ltd.},
	volume = {170},
	number = {4},
	pages = {86--89},
	author = {Jeffrey Wright and Dayton Marchese},
	title = {Briefing: Continuous monitoring and adaptive control: the `smart' storm water management solution},
	journal = {Proceedings of the Institution of Civil Engineers - Smart Infrastructure and Construction}
}

@article{Bronstert_2002,
  title={Effects of climate and land-use change on storm runoff generation: present knowledge and modelling capabilities},
  author={Bronstert, Axel and Niehoff, Daniel and B{\"u}rger, Gerd},
  journal={Hydrological processes},
  volume={16},
  number={2},
  pages={509--529},
  year={2002},
  publisher={Wiley Online Library}
}

@techreport{HRWC_2011,
author = {Lawson, Ric and Riggs, Elizabeth and Weiker, Debi and Doubek, Jonathan},
title = {Total Suspended Solids Reduction and Implementation Plan for Malletts Creek: October 2011 - September 2016},
institution = {Huron River Watershed Council},
url = {http://www.hrwc.org/wp-content/uploads/2011/11/MallettsCreek_BiotaTMDL_FINAL.pdf},
year = {2016}
}

@techreport{Klenzendorf_2015,
author = {Brandon Klenzendorf and Michael Barrett and Marty Christman and Marcus Quigley},
title = {Water Quality and Conservation Benefits Achieved via Real Time Control Retrofit of Stormwater Management Facilities near Austin, Texas},
institution = {OptiRTC},
year = {2015}
}

@article{Roman_2017,
	doi = {10.3390/w9120974},
	url = {https://doi.org/10.3390%2Fw9120974},
	year = 2017,
	month = {dec},
	publisher = {{MDPI} {AG}},
	volume = {9},
	number = {12},
	pages = {974},
	author = {David Roman and Andrea Braga and Nandan Shetty and Patricia Culligan},
	title = {Design and Modeling of an Adaptively Controlled Rainwater Harvesting System},
	journal = {Water}
}

@article{Middleton_2008,
	doi = {10.2175/106143007x220842},
	url = {https://doi.org/10.2175%2F106143007x220842},
	year = 2008,
	month = {feb},
	publisher = {Water Environment Federation},
	volume = {80},
	number = {2},
	pages = {172--178},
	author = {John R Middleton and Michael E Barrett},
	title = {Water Quality Performance of a Batch-Type Stormwater Detention Basin},
	journal = {Water Environment Research}
}

@article{baker2004new,
  title={A new flashiness index: characteristics and applications to Midwestern rivers and streams},
  author={Baker, David B and Richards, R Peter and Loftus, Timothy T and Kramer, Jack W},
  journal={JAWRA Journal of the American Water Resources Association},
  volume={40},
  number={2},
  pages={503--522},
  year={2004},
  publisher={Wiley Online Library}
}

@article{wise2008green,
  title={Green infrastructure rising},
  author={Wise, Steve},
  journal={Planning},
  volume={74},
  number={8},
  pages={14--19},
  year={2008}
}

@article{schilling2008greening,
  title={Greening the rust belt: A green infrastructure model for right sizing America's shrinking cities},
  author={Schilling, Joseph and Logan, Jonathan},
  journal={Journal of the American Planning Association},
  volume={74},
  number={4},
  pages={451--466},
  year={2008},
  publisher={Taylor \& Francis}
}

@article{Michalak2013,
    title = {{Record-setting algal bloom in Lake Erie caused by agricultural and meteorological trends consistent with expected future conditions}},
    year = {2013},
    journal = {Proceedings of the National Academy of Sciences},
    author = {Michalak, A. M. and Anderson, E. J. and Beletsky, D. and Boland, S. and Bosch, N. S. and Bridgeman, T. B. and Chaffin, J. D. and Cho, K. and Confesor, R. and Daloglu, I. and DePinto, J. V. and Evans, M. A. and Fahnenstiel, G. L. and He, L. and Ho, J. C. and Jenkins, L. and Johengen, T. H. and Kuo, K. C. and LaPorte, E. and Liu, X. and McWilliams, M. R. and Moore, M. R. and Posselt, D. J. and Richards, R. P. and Scavia, D. and Steiner, A. L. and Verhamme, E. and Wright, D. M. and Zagorski, M. A.},
    number = {16},
    month = {4},
    pages = {6448--6452},
    volume = {110},
    publisher = {National Academy of Sciences},
    url = {http://www.pnas.org/cgi/doi/10.1073/pnas.1216006110},
    doi = {10.1073/pnas.1216006110},
    issn = {0027-8424}
}

@article{bledsoe2002stream,
  title={Stream erosion potential and stormwater management strategies},
  author={Bledsoe, Brian P},
  journal={Journal of Water Resources Planning and Management},
  volume={128},
  number={6},
  pages={451--455},
  year={2002},
  publisher={American Society of Civil Engineers}
}

@book{kinnmark2012shallow,
  title={The shallow water wave equations: formulation, analysis and application},
  author={Kinnmark, Ingemar},
  volume={15},
  year={2012},
  publisher={Springer Science \& Business Media}
}

@article{Schutze2004RealToday,
    title = {{Real time control of urban wastewater systems—where do we stand today?}},
    year = {2004},
    journal = {Journal of Hydrology},
    author = {Sch{\"{u}}tze, Manfred and Campisano, Alberto and Colas, Hubert and Schilling, Wolfgang and Vanrolleghem, Peter A.},
    number = {3},
    pages = {335--348},
    volume = {299},
    doi = {10.1016/j.jhydrol.2004.08.010},
    issn = {00221694}
}

@book{stocker_2014,
  title={Climate change 2013: the physical science basis: Working Group I contribution to the Fifth assessment report of the Intergovernmental Panel on Climate Change},
  author={Stocker, Thomas},
  year={2014},
  publisher={Cambridge University Press}
}

@article{Litrico_2004,
	doi = {10.1061/(asce)0733-9437(2004)130:5(373)},
	url = {https://doi.org/10.1061%2F%28asce%290733-9437%282004%29130%3A5%28373%29},
	year = 2004,
	month = {oct},
	publisher = {American Society of Civil Engineers ({ASCE})},
	volume = {130},
	number = {5},
	pages = {373--383},
	author = {X. Litrico and V. Fromion},
	title = {Simplified Modeling of Irrigation Canals for Controller Design},
	journal = {Journal of Irrigation and Drainage Engineering}
}

@inproceedings{Marinaki_2003,
	doi = {10.23919/ecc.2003.7085327},
	url = {https://doi.org/10.23919%2Fecc.2003.7085327},
	year = 2003,
	month = {sep},
	publisher = {{IEEE}},
	author = {Magdalene Marinaki and Markos Papageorgiou},
	title = {Linear-quadratic regulators applied to sewer network flow control},
	booktitle = {2003 European Control Conference ({ECC})}
}

@article{Garcia_2015,
title = {Modeling and real-time control of urban drainage systems: A review},
journal = {Advances in Water Resources},
volume = {85},
pages = {120 - 132},
year = {2015},
issn = {0309-1708},
doi = {https://doi.org/10.1016/j.advwatres.2015.08.007},
url = {http://www.sciencedirect.com/science/article/pii/S0309170815001931},
author = {L. Garcia and J. Barreiro-Gomez and E. Escobar and D. Tellez and N. Quijano and C. Ocampo-Martinez},
}