%% This BibTeX bibliography file was created using BibDesk.
%% https://bibdesk.sourceforge.io/

%% Created for Abhiram Mullapudi at 2020-07-14 08:10:24 -0400 


%% Saved with string encoding Unicode (UTF-8) 



@article{1Mullapudi2017,
	Author = {\textbf{Mullapudi}, \textbf{Abhiram} and Wong, Brandon P. and Kerkez, Branko},
	Doi = {10.1039/c6ew00211k},
	Issn = {2053-1419},
	Journal = {Environmental Science: Water Research \& Technology},
	Number = 1,
	Pages = {66--77},
	Publisher = {Royal Society of Chemistry (RSC)},
	Title = {Emerging investigators series: building a theory for smart storm\-water systems},
	Url = {http://dx.doi.org/10.1039/C6EW00211K},
	Volume = 3,
	Year = 2017,
	Bdsk-Url-1 = {http://dx.doi.org/10.1039/C6EW00211K},
	Bdsk-Url-2 = {http://dx.doi.org/10.1039/c6ew00211k}}

@article{2Mullapudi2018,
	Author = {\textbf{Mullapudi}, \textbf{Abhiram} and Bartos, Matthew D. and Wong, Brandon P. and Kerkez, Branko},
	Doi = {10.3390/s18072259},
	Issn = {1424-8220},
	Journal = {Sensors},
	Number = 7,
	Pages = 2259,
	Publisher = {Mdpi Ag},
	Title = {Shaping Streamflow Using a Real-Time Storm\-water Control Network},
	Url = {http://dx.doi.org/10.3390/s18072259},
	Volume = 18,
	Year = 2018,
	Bdsk-Url-1 = {http://dx.doi.org/10.3390/s18072259}}

@article{3Mullapudi2020,
	Author = {\textbf{Mullapudi}, \textbf{Abhiram} and Lewis, Matthew J. and Gruden, Cyndee L. and Kerkez, Branko},
	Doi = {10.1016/j.advwatres.2020.103600},
	Issn = {03091708},
	Journal = {Advances in Water Resources},
	Month = apr,
	Pages = 103600,
	Title = {Deep Reinforcement Learning For The Real Time Control Of Stormwater Systems},
	Year = 2020,
	Bdsk-Url-1 = {https://doi.org/10.1016/j.advwatres.2020.103600}}

@unpublished{4Mullapudi2020b,
	Author = {\textbf{Mullapudi}, \textbf{Abhiram} and Kerkez, Branko},
	Date-Added = {2020-07-10 18:30:34 -0400},
	Note = {\textit{In} \textit{preparation} \textit{for} \textit{submission}},
	Title = {Automated Control Of Stormwater Systems Using Bayesian Optimization},
	Year = 2020}

@unpublished{5Mullapudi2020,
	Author = {Rimer, Sara P. and \textbf{Mullapudi}, \textbf{Abhiram} and Troutman, Sara C. and Ewing, Gregory and Sadler, Jeffrey M. and McDonnell, Bryant E. and Kertesz, Ruben and Goodall, Jonathan L. and Hathaway, Jon M. and Kerkez, Branko},
	Date-Added = {2020-07-10 18:32:09 -0400},
	Date-Modified = {2020-07-14 08:10:24 -0400},
	Note = {\textit{In} \textit{preparation} \textit{for} \textit{submission}},
	Title = {pystorms: A Simulation Sandbox For The Development And Evaluation Of Stormwater Control Algorithms},
	Year = 2020}
