% Encoding: UTF-8
@techreport{Geosyntec2014,
    title = {{Stormwater Capture Master Plan Interim Report}},
    year = {2014},
    author = {{Geosyntec}},
    number = {December},
    institution = {Geosyntec}
}

@misc{Frosch2016,
    title = {{Houstons Rapid Growth, Heavy Rains, Heightend Flood Risk}},
    year = {2016},
    author = {Frosch, Dan and McWhirter, Cameron},
    month = {5}
}

@article{powledge2005chesapeake,
    title = {{Chesapeake Bay restoration: a model of what?}},
    year = {2005},
    journal = {BioScience},
    author = {Powledge, Fred},
    number = {12},
    pages = {1032--1038},
    volume = {55},
    publisher = {Oxford University Press}
}

@article{Wong2006ModellingApproach,
    title = {{Modelling urban stormwater treatment-A unified approach}},
    year = {2006},
    journal = {Ecological Engineering},
    author = {Wong, Tony H F and Fletcher, Tim D. and Duncan, Hugh P. and Jenkins, Graham A.},
    number = {1},
    pages = {58--70},
    volume = {27},
    isbn = {0925-8574},
    doi = {10.1016/j.ecoleng.2005.10.014},
    issn = {09258574},
    keywords = {CSTRs, First-order kinetic decay, Hydrodynamics, Stormwater treatment model, k-C*}
}

@article{Shepherd2001Time-DependentConstr,
    title = {{Time-Dependent Retardation Model for Chemical Oxygen Demand Removal in a Subsurface- Flow Constructed Wetland for Winery Wastewater Treatment All use subject to JSTOR Terms and Conditions Time-Dependent Chemical Oxygen for Winery Retardation Demand Constr}},
    year = {2001},
    journal = {Water Environment Research},
    author = {Shepherd, Author H L and Tchobanoglous, George and Grismer, M E},
    number = {5},
    pages = {597--606},
    volume = {73},
    isbn = {1061-4303 (Print){\textbackslash}r1061-4303 (Linking)},
    doi = {10.2175/106143001X143321},
    issn = {10614303},
    pmid = {11765996}
}

@article{Boesch2001ChesapeakeAgriculture,
    title = {{Chesapeake Bay Eutrophication: Scientific Understanding, Ecosystem Restoration, and Challenges for Agriculture}},
    year = {2001},
    journal = {Journal of Environmental Quality},
    author = {Boesch, Donald F and Brinsfield, Russell B and Magnien, Robert E},
    number = {2},
    pages = {303--320},
    volume = {30}
}

@article{Richardson2011IntegratedLandscape,
    title = {{Integrated stream and wetland restoration: A watershed approach to improved water quality on the landscape}},
    year = {2011},
    journal = {Ecological Engineering},
    author = {Richardson, Curtis J. and Flanagan, Neal E. and Ho, Mengchi and Pahl, James W.},
    number = {1},
    pages = {25--39},
    volume = {37},
    doi = {10.1016/j.ecoleng.2010.09.005},
    issn = {09258574}
}

@article{Urbonas1994ASSESSMENTTECHNOLOGY,
    title = {{ASSESSMENT OF STORMW A TER BMPs AND THEIR TECHNOLOGY}},
    year = {1994},
    journal = {Sci. Tech},
    author = {Urbonas, Ben},
    number = {12},
    pages = {347--353},
    volume = {29},
    keywords = {Urban runoff, best management practices, stormwater management}
}

@techreport{Garrison2014StormwaterCalifornia,
    title = {{Stormwater Capture Potential in Urban and Suburban California}},
    year = {2014},
    author = {Garrison, Noah},
    institution = {Natural Resources Defense Council}
}

@incollection{Benedict2006GreenCentury,
    title = {{Green Infrastructure: Smart Conservation for the 21st Century}},
    year = {2006},
    booktitle = {Green Infrastructure: A Strategic Approach to Land Conservation},
    author = {Benedict, Mark A and Edward, T and Mcmahon, J D},
    chapter = {1},
    pages = {5},
    publisher = {The Conservation Fund}
}

@article{Carleton2000PerformanceRunoff,
    title = {{Performance of a Constructed Wetlands in Treating Urban Stormwater Runoff}},
    year = {2000},
    journal = {Water Environment Research},
    author = {Carleton, James N and Grizzard, Thomas J and Godrej, Adil N and Post, Harold E and Lampe, Les and Kenel, Pamela P},
    number = {3},
    pages = {295--304},
    volume = {72},
    keywords = {constructed wetlands, nonpoint source pollution, urban runoff}
}

@article{Stanley1996PollutantPond,
    title = {{Pollutant Removal by a Stormwater Dry Detention Pond}},
    year = {1996},
    journal = {Source: Water Environment Research},
    author = {Stanley, Donald W},
    number = {6},
    pages = {1076--1083},
    volume = {68},
    url = {http://www.jstor.org/stable/25044810 http://www.jstor.org/stable/25044810}
}

@article{Emerson2005Watershed-ScaleBasins,
    title = {{Watershed-Scale Evaluation of a System of Storm Water Detention Basins}},
    year = {2005},
    journal = {Journal of Hydrologic Engineering},
    author = {Emerson, Clay H and Asce, M and Welty, Claire and Traver, Robert G},
    number = {3},
    pages = {237--242},
    volume = {10},
    doi = {10.1061/͑ASCE͒1084-0699͑2005͒10:3͑237͒},
    keywords = {Best management practice, CE Database subject headings, Detention basins, Geographic information systems, Infiltration, Pennsylvania, Stormwater management, Watershed management}
}

@article{Petrucci2013DoOutcomes,
    title = {{Do stormwater source control policies deliver the right hydrologic outcomes?}},
    year = {2013},
    journal = {Journal of Hydrology},
    author = {Petrucci, Guido and Rioust, Emilie and Deroubaix, José-Frédéric and Tassin, Bruno},
    pages = {188--200},
    volume = {485},
    doi = {10.1016/j.jhydrol.2012.06.018}
}

@article{Burns2012HydrologicReform,
    title = {{Hydrologic shortcomings of conventional urban stormwater management and opportunities for reform}},
    year = {2012},
    journal = {Landscape and Urban Planning},
    author = {Burns, Matthew J. and Fletcher, Tim D. and Walsh, Christopher J. and Ladson, Anthony R. and Hatt, Belinda E.},
    number = {3},
    pages = {230--240},
    volume = {105},
    doi = {10.1016/j.landurbplan.2011.12.012},
    issn = {01692046}
}

@article{Hamel2013Source-controlReview,
    title = {{Source-control stormwater management for mitigating the impacts of urbanisation on baseflow: A review}},
    year = {2013},
    journal = {Journal of Hydrology},
    author = {Hamel, Perrine and Daly, Edoardo and Fletcher, Tim D.},
    pages = {201--211},
    volume = {485},
    doi = {10.1016/j.jhydrol.2013.01.001},
    issn = {00221694}
}

@article{Sage2015StormwaterPractices,
    title = {{Stormwater Management Criteria for On-Site Pollution Control: A Comparative Assessment of International Practices}},
    year = {2015},
    journal = {Environmental Management},
    author = {Sage, Jérémie and Berthier, Emmanuel and Gromaire, Marie Christine},
    number = {1},
    month = {7},
    pages = {66--80},
    volume = {56},
    publisher = {Springer US},
    url = {http://link.springer.com/10.1007/s00267-015-0485-1},
    doi = {10.1007/s00267-015-0485-1}
}

@article{Petrucci2014UrbanHow,
    title = {{Urban stormwater source control policies: why and how?}},
    year = {2014},
    journal = {CWRS 2014: Evolving Water Resources Systems: Understanding, Predicting and Managing Water-Society Interactions},
    author = {Petrucci, Guido and Deroubaix, Jose-Frederic and Tassin, Bruno},
    pages = {1--7},
    volume = {364},
    publisher = {IAHS Publ},
    doi = {10.5194/piahs-364-446-2014},
    keywords = {policy-making, source control, stormwater management, urban areas}
}

@article{Zhen2004OptimalScale,
    title = {{Optimal Location and Sizing of Stormwater Basins at Watershed Scale}},
    year = {2004},
    journal = {Journal of Water Resources Planning and Management},
    author = {Zhen, Xiao-Yue “Jenny” and Yu, Shaw L. and Lin, Jen-Yang},
    number = {4},
    month = {7},
    pages = {339--347},
    volume = {130},
    url = {http://ascelibrary.org/doi/10.1061/{\%}28ASCE{\%}290733-9496{\%}282004{\%}29130{\%}3A4{\%}28339{\%}29},
    doi = {10.1061/(ASCE)0733-9496(2004)130:4(339)},
    issn = {0733-9496}
}

@article{Ciou2012OptimizationWatershed,
    title = {{Optimization Model for BMP Placement in a Reservoir Watershed}},
    year = {2012},
    journal = {Journal of Irrigation and Drainage Engineering},
    author = {Ciou, Shih-Kai and Kuo, Jan-Tai and Hsieh, Pin-Hui and Yu, Gwo-Hsing},
    number = {8},
    pages = {736--747},
    volume = {138},
    doi = {10.1061/(ASCE)IR.1943},
    keywords = {Abatement and removal, Algorithm, Best management practice, Best management practices (BMPs), CE Database subject headings, Non-point-source pollution, Nonpoint pollution, Optimization model, Optimization models, Reservoir, Reservoirs, Watersheds Author keywords}
}

@article{Middleton2008WaterBasin,
    title = {{Water Quality Performance of a Batch-Type Stormwater Detention Basin}},
    year = {2008},
    journal = {Water Environment Research},
    author = {Middleton, John R and Barrett, Michael E},
    number = {2},
    pages = {172--178},
    volume = {80},
    publisher = {Water Environment Federation},
    keywords = {best management practice, extended detention basin, stormwater, total suspended solids}
}

@article{Jacopin2001OptimisationBasins,
    title = {{Optimisation of operational management practices for the detention basins}},
    year = {2001},
    journal = {Water science and technology},
    author = {Jacopin, C and Lucas, E and Desbordes, M and Bourgogne, P},
    number = {2},
    pages = {277--285},
    volume = {44},
    keywords = {Detention basins, flood protection, operational management practices, pollutant control, urban stormwater discharges}
}

@article{Muschalla2014Ecohydraulic-drivenBasins,
    title = {{Ecohydraulic-driven real-time control of stormwater basins}},
    year = {2014},
    journal = {Journal of Hydrology},
    author = {Muschalla, Dirk and Vallet, Bertrand and Anctil, François and Lessard, Paul and Pelletier, Geneviève and Vanrolleghem, Peter A.},
    pages = {82--91},
    volume = {511},
    doi = {10.1016/j.jhydrol.2014.01.002},
    issn = {00221694}
}

@article{Gaborit2013ImprovingForecasts,
    title = {{Improving the performance of stormwater detention basins by real-time control using rainfall forecasts}},
    year = {2013},
    journal = {Urban Water Journal},
    author = {Gaborit, E and Muschalla, D and Vallet, B and Vanrolleghem, P A and Anctil, F},
    number = {4},
    pages = {230--246},
    volume = {10},
    doi = {10.1080/1573062X.2012.726229},
    keywords = {RTC, TSS removal, dry detention pond, hydraulic stress control, rainfall forecasts, urban runoff mitigation}
}

@article{Gaborit2015ExploringPonds,
    title = {{Exploring forecast-based management strategies for stormwater detention ponds}},
    year = {2015},
    journal = {Urban Water Journal},
    author = {Gaborit, E and Anctil, F and Pelletier, G and Vanrolleghem, P A},
    pages = {1--11},
    doi = {10.1080/1573062X.2015.1057172},
    keywords = {TSS removal, dry detention pond, hydraulic stress control, manual control, real-time control}
}

@article{Gilpin2014InterimWatershed,
    title = {{Interim Report on the Retrofit of an Existing Flood Control Facility to Improve Pollutant Removal in an Urban Watershed}},
    year = {2014},
    journal = {World Environmental and Water Resources Congress.},
    author = {Gilpin, Amy and Barrett, Michael and Asce, M}
}

@article{Mollerup2016ControllingCities,
    title = {{Controlling sewer systems – a critical review based on systems in three EU cities}},
    year = {2016},
    journal = {http://dx.doi.org/10.1080/1573062X.2016.1148183},
    author = {Mollerup, A. L. and Mikkelsen, P. S. and Thornberg, D. and Sin, G.},
    publisher = {Taylor {\&} Francis},
    keywords = {Real Time Control (RTC), control, design, sewerage, urban water planning}
}

@article{Benedetti2009AScale,
    title = {{A new rule generation method to develop a decision support system for integrated management at river basin scale}},
    year = {2009},
    journal = {Water Science {\&} Technology},
    author = {Benedetti, Lorenzo and Prat, Pau and Nopens, Ingmar and Poch, Manel and Turon, Clàudia and De Baets, Bernard and Comas, Joaquim},
    number = {8},
    month = {10},
    pages = {2035},
    volume = {60},
    publisher = {IWA Publishing},
    url = {http://wst.iwaponline.com/cgi/doi/10.2166/wst.2009.522},
    doi = {10.2166/wst.2009.522}
}

@article{Seggelke2013ImplementationWilhelmshaven,
    title = {{Implementation of an integrated real-time control system of sewer system and waste water treatment plant in the city of Wilhelmshaven}},
    year = {2013},
    journal = {http://dx.doi.org/10.1080/1573062X.2013.820331},
    author = {Seggelke, Katja and L{\"{o}}we, Roland and Beeneken, Thomas and Fuchs, Lothar},
    number = {5},
    pages = {330–341},
    volume = {10},
    publisher = {Taylor {\&} Francis Group},
    keywords = {combined sewage treatment, inflow control WWTP, integrated control, real-time control RTC, total emission}
}

@article{Fiorelli2013OptimisedFunction,
    title = {{Optimised real time operation of a sewer network using a multi-goal objective function}},
    year = {2013},
    journal = {http://dx.doi.org/10.1080/1573062X.2013.806560},
    author = {Fiorelli, David and Schutz, Georges and Klepiszewski, Kai and Regneri, Mario and Seiffert, Stefanie},
    publisher = { Taylor {\&} Francis Group },
    keywords = {optimisation, predictive control, real time control, sewer networks}
}

@book{Rossman2010Storm5.1,
    title = {{Storm Water Management Model User's Manual Version 5.1}},
    year = {2010},
    author = {Rossman, Lewis A},
    publisher = {US Environmental Protection Agency},
    keywords = {SWMM, management, model, stormwater, user manual, version 5.1}
}

@article{Wong2002AConceptualisation,
    title = {{A Model for Urban Stormwater Improvement Conceptualisation}},
    year = {2002},
    journal = {Global Solutions for Urban Drainage},
    author = {Wong, Tony H F and Fletcher, Tim D and Duncan, Hugh P and Coleman, John R and Jenkins, Graham A},
    pages = {1--14},
    doi = {10.1061/40644(2002)115},
    keywords = {bioretention, infiltration, modelling, urban stormwater quality, wetlands}
}

@book{Gironas2009STORMMANUAL,
    title = {{STORM WATER MANAGEMENT MODEL APPLICATIONS MANUAL}},
    year = {2009},
    author = {Giron{\'{a}}s, Jorge and Roesner, Larry A and Davis, Jennifer and Rossman, Lewis A},
    publisher = {US Environmental Protection Agency}
}

@article{Lai2007SUSTAINWATERSHEDS,
    title = {{SUSTAIN -AN EPA BMP PROCESS AND PLACEMENT TOOL FOR URBAN WATERSHEDS}},
    year = {2007},
    journal = {Proceedings of the Water Environment Federation },
    author = {Lai, Fu-Hsiung and Dai, Ting and Zhen, Jenny and Riverson, John and Alvi, Khalid and Shoemaker, Leslie},
    pages = {946--968},
    volume = {5}
}

@article{Langergraber2009CWM1:Wetlands,
    title = {{CWM1: A general model to describe biokinetic processes in subsurface flow constructed wetlands}},
    year = {2009},
    journal = {Water Science and Technology},
    author = {Langergraber, Guenter and Rousseau, Diederik P L and Garc{\'{i}}a, Joan and Mena, Javier},
    number = {9},
    pages = {1687--1697},
    volume = {59},
    isbn = {0273-1223 (Print)},
    doi = {10.2166/wst.2009.131},
    pmid = {19448302},
    keywords = {CWM1, Constructed wetlands, Mechanistic model, Numerical simulation, Subsurface flow}
}

@article{Langergraber2008ModelingReview,
    title = {{Modeling of Processes in Subsurface Flow Constructed Wetlands: A Review}},
    year = {2008},
    journal = {Vadose Zone Journal {\textperiodcentered}},
    author = {Langergraber, Günter},
    number = {2},
    pages = {830--842},
    volume = {7},
    doi = {10.2136/vzj2007.0054}
}

@book{Kadlec2008TreatmentWetlands,
    title = {{Treatment wetlands}},
    year = {2008},
    author = {Kadlec, Robert H and Wallace, Scott},
    publisher = {CRC press}
}

@article{Persson2003HowPonds,
    title = {{How hydrological and hydraulic conditions affect performance of ponds}},
    year = {2003},
    journal = {Ecological Engineering},
    author = {Persson, Jesper and Wittgren, Hans B},
    number = {4},
    pages = {259--269},
    volume = {21},
    doi = {10.1016/j.ecoleng.2003.12.004},
    issn = {09258574}
}

@article{Mitchell2001AlternativeKinetics,
    title = {{Alternative analysis of BOD removal in subsurface flow constructed wetlands employing Monod kinetics}},
    year = {2001},
    journal = {Water Research},
    author = {Mitchell, Cynthia and McNevin, Dennis},
    number = {5},
    pages = {1295--1303},
    volume = {35},
    doi = {10.1016/S0043-1354(00)00373-0},
    issn = {00431354}
}

@article{Ria2016MatSWMMSystems,
    title = {{MatSWMM e An open-source toolbox for designing real-time control of urban drainage systems}},
    year = {2016},
    journal = {Environmental Modelling {\&} Software },
    author = {Ria, G and Barreiro-Gomez, J and Ramirez-Jaime, A and Quijano, N and Ocampo-Martinez, C},
    pages = {143--154},
    volume = {83},
    doi = {10.1016/j.envsoft.2016.05.009},
    keywords = {LabVIEW, Matlab, Open-source toolbox, Python, Real-time control, Urban drainage system integrated model}
}

@article{NterLangergraber2005ModelingWetlands,
    title = {{Modeling Variably Saturated Water Flow and Multicomponent Reactive Transport in Constructed Wetlands}},
    year = {2005},
    journal = {Vadose Zone Journal},
    author = {Nter Langergraber, Gü and Imů Nek, Jirka Š},
    number = {4},
    pages = {924--938},
    volume = {4},
    doi = {10.2136/vzj2004.0166}
}

@article{Brunner1991ANetworks,
    title = {{A Muskingum-Cunge Channel Flow Routing Method for Drainage Networks}},
    year = {1991},
    journal = {ASCE Journal of Hydraulics},
    author = {Brunner, Gary W and Gorbrecht, Jurgen},
    number = {5},
    pages = {629--642},
    volume = {117}
}

@book{Chin2000Water-resourcesEngineering,
    title = {{Water-resources engineering}},
    year = {2000},
    author = {Chin, David A and {Mazumdar} and {Asis} and {Roy} and {Kumar}},
    edition = {12},
    publisher = {Prentice Hall Englewood Cliffs}
}

@techreport{Chiew1997UrbanPollution,
    title = {{Urban Stormwater Pollution}},
    year = {1997},
    author = {Chiew, Francis and Mudgway, Lance and McMahon, Thomas},
    institution = {Cooperative Research Centre for Catchment Hydrology,},
    address = {Melbourne}
}

@article{Palfy2014TheData,
    title = {{The verification of the Constructed Wetland Model No. 1 implementation in HYDRUS using column experiment data}},
    year = {2014},
    journal = {Ecological Engineering},
    author = {P{\'{a}}lfy, T.G. and Langergraber, G.},
    month = {7},
    pages = {105--115},
    volume = {68},
    url = {http://linkinghub.elsevier.com/retrieve/pii/S0925857414000767},
    doi = {10.1016/j.ecoleng.2014.03.016},
    issn = {09258574}
}

@article{Rizzo2014ModellingHYDRUS-CWM1,
    title = {{Modelling the response of laboratory horizontal flow constructed wetlands to unsteady organic loads with HYDRUS-CWM1}},
    year = {2014},
    journal = {Ecological Engineering},
    author = {Rizzo, A. and Langergraber, G. and Galv{\~{a}}o, A. and Boano, F. and Revelli, R. and Ridolfi, L.},
    month = {7},
    pages = {209--213},
    volume = {68},
    url = {http://linkinghub.elsevier.com/retrieve/pii/S0925857414001335},
    doi = {10.1016/j.ecoleng.2014.03.073},
    issn = {09258574}
}

@article{Giraldi2010FITOVERT:Wetlands,
    title = {{FITOVERT: A dynamic numerical model of subsurface vertical flow constructed wetlands}},
    year = {2010},
    journal = {Environmental Modelling {\&} Software},
    author = {Giraldi, D. and de Michieli Vitturi, M. and Iannelli, R.},
    number = {5},
    pages = {633--640},
    volume = {25},
    doi = {10.1016/j.envsoft.2009.05.007},
    issn = {13648152}
}

@article{Turner2008GulfLegacy,
    title = {{Gulf of Mexico Hypoxia: Alternate States and a Legacy}},
    year = {2008},
    journal = {Environmental Science {\&} Technology },
    author = {Turner, R. Eugene and Rabalais, Nancy N. and Justic, Dubravko},
    number = {7},
    pages = {2323--2327},
    volume = {42},
    publisher = {American Chemical Society}
}

@article{Reddy1989Nitrification-DenitrificationWetlands,
    title = {{Nitrification-Denitrification at the Plant Root-Sediment Interface in Wetlands}},
    year = {1989},
    journal = {Source: Limnology and Oceanography Limnol. Oceanogr},
    author = {Reddy, K R and Patrick, W H and Lindau, C W},
    number = {346},
    pages = {1004--1013},
    volume = {34},
    url = {http://www.jstor.org/stable/2837190 http://about.jstor.org/terms}
}

@article{White2009BiogeochemicalWetlands,
    title = {{Biogeochemical Dynamics I: Nitrogen Cycling in Wetlands}},
    year = {2009},
    journal = {The Wetlands Handbook},
    author = {White, John R. and Reddy, K. R.},
    pages = {213--227},
    isbn = {9780632052554},
    doi = {10.1002/9781444315813.ch9},
    keywords = {Aerobic-anaerobic interfaces in wetland soils, Ammonia volatilisation, Biogeochemical dynamics I - nitrogen cycling in we, Biological N fixation, Denitrification - stepwise reduction of NO to N2 g, Dissimilatory nitrate reduction to ammonium (DNRA), Mineralisation-ammonification, Nitrification - obligate aerobic process, Vegetation role in N cycling}
}

@article{Alvord1996AtrazineWetlands,
    title = {{Atrazine fate and transport in the Des Plaines Wetlands}},
    year = {1996},
    journal = {Ecological Modelling},
    author = {Alvord, H.H. and Kadlec, R.H.},
    number = {1},
    month = {9},
    pages = {97--107},
    volume = {90},
    publisher = {Elsevier},
    url = {http://linkinghub.elsevier.com/retrieve/pii/0304380095001506},
    doi = {10.1016/0304-3800(95)00150-6},
    issn = {03043800}
}

@article{Kadlec2001PhosphorusWetlands,
    title = {{Phosphorus dynamics in event driven wetlands}},
    year = {2001},
    journal = {Transformations of Nutrients in Natural and Constructed Wetlands},
    author = {{Kadlec} and {Robert H}},
    pages = {365--391}
}

@article{Munson2002ModelArea,
    title = {{Model Prediction of the Effects of Changing Phosphorus Loads on the Everglades Protection Area}},
    year = {2002},
    journal = {Water, Air, and Soil Pollution},
    author = {Munson, Ronald K. and Roy, Sujoy B. and Gherini, Steven A. and MacNeill, Andrew L. and Hudson, Robert J. M. and Blette, Veronica L.},
    number = {1/4},
    pages = {255--272},
    volume = {134},
    publisher = {Kluwer Academic Publishers},
    url = {http://link.springer.com/10.1023/A:1014197023023},
    doi = {10.1023/A:1014197023023},
    issn = {00496979}
}

@misc{TheMathWorksInc.MATLAB,
    title = {{MATLAB}},
    author = {{The MathWorks Inc.}},
    address = {Natick, Massachusetts}
}

@article{Dormand1980AFormulae,
    title = {{A family of embedded Runge-Kutta formulae}},
    year = {1980},
    journal = {Journal of Computational and Applied Mathematics},
    author = {Dormand, J.R. and Prince, P.J.},
    number = {1},
    month = {3},
    pages = {19--26},
    volume = {6},
    publisher = {North-Holland},
    url = {http://linkinghub.elsevier.com/retrieve/pii/0771050X80900133},
    doi = {10.1016/0771-050X(80)90013-3},
    issn = {03770427}
}

@article{Michalak2013Record-settingConditions,
    title = {{Record-setting algal bloom in Lake Erie caused by agricultural and meteorological trends consistent with expected future conditions}},
    year = {2013},
    journal = {Proceedings of the National Academy of Sciences},
    author = {Michalak, A. M. and Anderson, E. J. and Beletsky, D. and Boland, S. and Bosch, N. S. and Bridgeman, T. B. and Chaffin, J. D. and Cho, K. and Confesor, R. and Daloglu, I. and DePinto, J. V. and Evans, M. A. and Fahnenstiel, G. L. and He, L. and Ho, J. C. and Jenkins, L. and Johengen, T. H. and Kuo, K. C. and LaPorte, E. and Liu, X. and McWilliams, M. R. and Moore, M. R. and Posselt, D. J. and Richards, R. P. and Scavia, D. and Steiner, A. L. and Verhamme, E. and Wright, D. M. and Zagorski, M. A.},
    number = {16},
    month = {4},
    pages = {6448--6452},
    volume = {110},
    publisher = {National Academy of Sciences},
    url = {http://www.pnas.org/cgi/doi/10.1073/pnas.1216006110},
    doi = {10.1073/pnas.1216006110},
    issn = {0027-8424}
}

@article{Kerkez2016SmarterSystems,
    title = {{Smarter Stormwater Systems}},
    year = {2016},
    journal = {Environmental Science {\&} Technology},
    author = {Kerkez, Branko and Gruden, Cyndee and Lewis, Matthew J and Montestruque, Luis and Quigley, Marcus and Wong, Brandon P and Bedig, Alex and Kertesz, Ruben and Braun, Tim and Cadwalader, Owen and Poresky, Aaron and Pak, Carrie},
    number = {14},
    pages = {7267--7273},
    volume = {50},
    doi = {10.1021/acs.est.5b05870}
}

@article{TheEuropeanParliamentandthecouncilofEuropeanUnion2000DirectivePolicy,
    title = {{Directive 2000/60/EC of the European Parliament and of the Council of 23 October 2000 establishing a framework for Community action in the field of water policy}},
    year = {2000},
    journal = {Official Journal of the European Communities},
    author = {{The European Parliament and the council of European Union}},
    pages = {01 - 73},
    url = {http://eur-lex.europa.eu/legal-content/EN/TXT/?uri=CELEX:32000L0060}
}

@book{Sheffi1984UrbanNetworks,
    title = {{Urban transportation networks}},
    year = {1984},
    author = {Sheffi, Yosef},
    publisher = {Prentice Hall},
    isbn = {0139397299}
}

@book{Astrom2006FeedbackEngineers,
    title = {{Feedback Systems: An Introduction for Scientists and Engineers}},
    year = {2006},
    author = {Astr{\"{o}}m, Karl Joha and Murray, Richard M and Murray, Richard},
    publisher = {Princeton University Press}
}

@article{Scholes2008APotentials,
    title = {{A systematic approach for the comparative assessment of stormwater pollutant removal potentials}},
    year = {2008},
    journal = {Journal of Environmental Management},
    author = {Scholes, Lian and Revitt, D. Michael and Ellis, J. Bryan},
    number = {3},
    pages = {467--478},
    volume = {88},
    doi = {10.1016/j.jenvman.2007.03.003},
    issn = {03014797}
}

@article{Goodall2011ModelingParadigm,
    title = {{Modeling water resource systems using a service-oriented computing paradigm}},
    year = {2011},
    journal = {Environmental Modelling {\&} Software},
    author = {Goodall, Jonathan L. and Robinson, Bella F. and Castronova, Anthony M.},
    number = {5},
    pages = {573--582},
    volume = {26},
    doi = {10.1016/j.envsoft.2010.11.013},
    issn = {13648152}
}

@book{Henze2000ActivatedASM3,
    title = {{Activated sludge models ASM1, ASM2, ASM2d and ASM3}},
    year = {2000},
    author = {Henze, M},
    publisher = {IWA publishing},
    url = {https://books.google.com/books?hl=en{\&}lr={\&}id=W0NTq3LUfOUC{\&}oi=fnd{\&}pg=PT7{\&}dq=ASM1+wastewater+quality+model{\&}ots=kn17ynLhsz{\&}sig=F5xosqfmQo6B6myslPmHacBTsFg}
}

@article{Chaubey1999UncertaintyRainfall,
    title = {{Uncertainty in the model parameters due to spatial variability of rainfall}},
    year = {1999},
    journal = {Journal of Hydrology},
    author = {Chaubey, I. and Haan, C.T. and Grunwald, S. and Salisbury, J.M.},
    number = {1},
    pages = {48--61},
    volume = {220},
    doi = {10.1016/S0022-1694(99)00063-3},
    issn = {00221694}
}

@article{Ouyang2006AssessmentQuality,
    title = {{Assessment of seasonal variations in surface water quality}},
    year = {2006},
    journal = {Water Research},
    author = {Ouyang, Y. and Nkedi-Kizza, P. and Wu, Q.T. and Shinde, D. and Huang, C.H.},
    number = {20},
    pages = {3800--3810},
    volume = {40},
    doi = {10.1016/j.watres.2006.08.030},
    issn = {00431354}
}

@book{DepartmentofEnvironmentalProtection2006PennsylvaniaManual,
    title = {{Pennsylvania Stormwater Best Management Practices Manual}},
    year = {2006},
    author = {{Department of Environmental Protection}},
    publisher = {Bureau of Watershed Management}
}

@article{Goonetilleke2005UnderstandingManagement,
    title = {{Understanding the role of land use in urban stormwater quality management}},
    year = {2005},
    journal = {Journal of Environmental Management},
    author = {Goonetilleke, Ashantha and Thomas, Evan and Ginn, Simon and Gilbert, Dale},
    number = {1},
    pages = {31--42},
    volume = {74},
    doi = {10.1016/j.jenvman.2004.08.006},
    issn = {03014797}
}

@book{Brunner2016HECManual,
    title = {{HEC -RAS River Analysis System User Manual}},
    year = {2016},
    author = {Brunner, Gary and {CEIWR-HEC}},
    edition = {5.0},
    publisher = {US Army Corps of Engineers, Institute for Water Resources}
}

@book{Ogata201ModernEngineering,
    title = {{Modern Control Engineering}},
    year = {201},
    author = {Ogata, Katsuhiko},
    edition = {5},
    publisher = {Prentice Hall},
    url = {https://books.google.com/books?id=Wu5GpNAelzkC{\&}q=Modern+Control+Engineering{\&}dq=Modern+Control+Engineering{\&}hl=en{\&}sa=X{\&}ved=0ahUKEwjtzbbizbfOAhVU-GMKHZy0ChcQ6AEIHDAA},
    isbn = {9780136156734}
}
@Article{Cizek201340,
  author   = {Adrienne R. Cizek and William F. Hunt},
  title    = {Defining predevelopment hydrology to mimic predevelopment water quality in stormwater control measures (SCMs)},
  journal  = {Ecological Engineering},
  year     = {2013},
  volume   = {57},
  pages    = {40 - 45},
  doi      = {http://dx.doi.org/10.1016/j.ecoleng.2013.04.016},
  issn     = {0925-8574},
  keywords = {Stormwater, Predevelopment hydrology, Low impact development },
  url      = {http://www.sciencedirect.com/science/article/pii/S0925857413001341},
}

@Article{Knight2003211,
  author   = {Robert L Knight and William E Walton and George F O’Meara and William K Reisen and Roland Wass},
  title    = {Strategies for effective mosquito control in constructed treatment wetlands},
  journal  = {Ecological Engineering},
  year     = {2003},
  volume   = {21},
  number   = {4–5},
  pages    = {211 - 232},
  doi      = {http://dx.doi.org/10.1016/j.ecoleng.2003.11.001},
  issn     = {0925-8574},
  keywords = {Constructed wetlands, Mosquito abatement, Water quality, Wastewater treatment },
  url      = {http://www.sciencedirect.com/science/article/pii/S0925857403001058},
}

@Article{Tillinghast_2012,
  author    = {E. D. Tillinghast and W. F. Hunt and G. D. Jennings and Patricia D’Arconte},
  title     = {Increasing Stream Geomorphic Stability Using Storm Water Control Measures in a Densely Urbanized Watershed},
  journal   = {Journal of Hydrologic Engineering},
  year      = {2012},
  volume    = {17},
  number    = {12},
  pages     = {1381-1388},
  month     = {dec},
  doi       = {10.1061/(ASCE)HE.1943-5584.0000577},
  eprint    = {http://dx.doi.org/10.1061/(ASCE)HE.1943-5584.0000577},
  publisher = {American Society of Civil Engineers ({ASCE})},
  url       = {http://dx.doi.org/10.1061/(ASCE)HE.1943-5584.0000577},
}

@Comment{jabref-meta: databaseType:bibtex;}
