%% This BibTeX bibliography file was created using BibDesk.
%% https://bibdesk.sourceforge.io/

%% Created for Abhiram Mullapudi at 2020-03-16 22:13:52 -0400 


%% Saved with string encoding Unicode (UTF-8) 



@techreport{Geosyntec2014,
	Author = {{Geosyntec}},
	Date-Modified = {2020-03-16 22:13:31 -0400},
	Institution = {Geosyntec},
	Title = {{Stormwater Capture Master Plan Interim Report}},
	Year = {2014}}

@misc{Frosch2016,
	Author = {Frosch, Dan and McWhirter, Cameron},
	Title = {{Houstons Rapid Growth, Heavy Rains, Heightend Flood Risk}},
	Year = {2016}}

@article{powledge2005chesapeake,
	Author = {Powledge, Fred},
	Journal = {BioScience},
	Number = {12},
	Pages = {1032--1038},
	Publisher = {Oxford University Press},
	Title = {{Chesapeake Bay restoration: a model of what?}},
	Volume = {55},
	Year = {2005}}

@article{Wong2006ModellingApproach,
	Author = {Wong, Tony H F and Fletcher, Tim D. and Duncan, Hugh P. and Jenkins, Graham A.},
	Date-Modified = {2020-03-16 22:11:14 -0400},
	Isbn = {0925-8574},
	Issn = {09258574},
	Journal = {Ecological Engineering},
	Number = {1},
	Pages = {58--70},
	Title = {{Modelling urban stormwater treatment-A unified approach}},
	Volume = {27},
	Year = {2006},
	Bdsk-Url-1 = {https://doi.org/10.1016/j.ecoleng.2005.10.014}}

@article{Shepherd2001Time-DependentConstr,
	Author = {Shepherd, Author H L and Tchobanoglous, George and Grismer, M E},
	Date-Modified = {2020-03-16 22:11:14 -0400},
	Isbn = {1061-4303 (Print){\textbackslash}r1061-4303 (Linking)},
	Issn = {10614303},
	Journal = {Water Environment Research},
	Number = {5},
	Pages = {597--606},
	Pmid = {11765996},
	Title = {{Time-Dependent Retardation Model for Chemical Oxygen Demand Removal in a Subsurface- Flow Constructed Wetland for Winery Wastewater Treatment All use subject to JSTOR Terms and Conditions Time-Dependent Chemical Oxygen for Winery Retardation Demand Constr}},
	Volume = {73},
	Year = {2001},
	Bdsk-Url-1 = {https://doi.org/10.2175/106143001X143321}}

@article{Boesch2001ChesapeakeAgriculture,
	Author = {Boesch, Donald F and Brinsfield, Russell B and Magnien, Robert E},
	Journal = {Journal of Environmental Quality},
	Number = {2},
	Pages = {303--320},
	Title = {{Chesapeake Bay Eutrophication: Scientific Understanding, Ecosystem Restoration, and Challenges for Agriculture}},
	Volume = {30},
	Year = {2001}}

@article{Richardson2011IntegratedLandscape,
	Author = {Richardson, Curtis J. and Flanagan, Neal E. and Ho, Mengchi and Pahl, James W.},
	Date-Modified = {2020-03-16 22:11:14 -0400},
	Issn = {09258574},
	Journal = {Ecological Engineering},
	Number = {1},
	Pages = {25--39},
	Title = {{Integrated stream and wetland restoration: A watershed approach to improved water quality on the landscape}},
	Volume = {37},
	Year = {2011},
	Bdsk-Url-1 = {https://doi.org/10.1016/j.ecoleng.2010.09.005}}

@article{Urbonas1994ASSESSMENTTECHNOLOGY,
	Author = {Urbonas, Ben},
	Journal = {Sci. Tech},
	Number = {12},
	Pages = {347--353},
	Title = {{ASSESSMENT OF STORMWATER BMPs AND THEIR TECHNOLOGY}},
	Volume = {29},
	Year = {1994}}

@techreport{Garrison2014StormwaterCalifornia,
	Author = {Garrison, Noah},
	Institution = {Natural Resources Defense Council},
	Title = {{Stormwater Capture Potential in Urban and Suburban California}},
	Year = {2014}}

@incollection{Benedict2006GreenCentury,
	Author = {Benedict, Mark A and Edward, T and Mcmahon, J D},
	Booktitle = {Green Infrastructure: A Strategic Approach to Land Conservation},
	Chapter = {1},
	Pages = {5},
	Publisher = {The Conservation Fund},
	Title = {{Green Infrastructure: Smart Conservation for the 21st Century}},
	Year = {2006}}

@article{Carleton2000PerformanceRunoff,
	Author = {Carleton, James N and Grizzard, Thomas J and Godrej, Adil N and Post, Harold E and Lampe, Les and Kenel, Pamela P},
	Journal = {Water Environment Research},
	Number = {3},
	Pages = {295--304},
	Title = {{Performance of a Constructed Wetlands in Treating Urban Stormwater Runoff}},
	Volume = {72},
	Year = {2000}}

@article{Stanley1996PollutantPond,
	Author = {Stanley, Donald W},
	Date-Modified = {2020-03-16 22:11:14 -0400},
	Journal = {Source: Water Environment Research},
	Number = {6},
	Pages = {1076--1083},
	Title = {{Pollutant Removal by a Stormwater Dry Detention Pond}},
	Volume = {68},
	Year = {1996},
	Bdsk-Url-1 = {http://www.jstor.org/stable/25044810%20http://www.jstor.org/stable/25044810}}

@article{Emerson2005Watershed-ScaleBasins,
	Author = {Emerson, Clay H and Asce, M and Welty, Claire and Traver, Robert G},
	Date-Modified = {2020-03-16 22:11:14 -0400},
	Journal = {Journal of Hydrologic Engineering},
	Number = {3},
	Pages = {237--242},
	Title = {{Watershed-Scale Evaluation of a System of Storm Water Detention Basins}},
	Volume = {10},
	Year = {2005},
	Bdsk-Url-1 = {https://doi.org/10.1061/%CD%91ASCE%CD%921084-0699%CD%912005%CD%9210:3%CD%91237%CD%92}}

@article{Petrucci2013DoOutcomes,
	Author = {Petrucci, Guido and Rioust, Emilie and Deroubaix, Jos{\'e}-Fr{\'e}d{\'e}ric and Tassin, Bruno},
	Date-Modified = {2020-03-16 22:11:14 -0400},
	Journal = {Journal of Hydrology},
	Pages = {188--200},
	Title = {{Do stormwater source control policies deliver the right hydrologic outcomes?}},
	Volume = {485},
	Year = {2013},
	Bdsk-Url-1 = {https://doi.org/10.1016/j.jhydrol.2012.06.018}}

@article{Burns2012HydrologicReform,
	Author = {Burns, Matthew J. and Fletcher, Tim D. and Walsh, Christopher J. and Ladson, Anthony R. and Hatt, Belinda E.},
	Date-Modified = {2020-03-16 22:11:14 -0400},
	Issn = {01692046},
	Journal = {Landscape and Urban Planning},
	Number = {3},
	Pages = {230--240},
	Title = {{Hydrologic shortcomings of conventional urban stormwater management and opportunities for reform}},
	Volume = {105},
	Year = {2012},
	Bdsk-Url-1 = {https://doi.org/10.1016/j.landurbplan.2011.12.012}}

@article{Hamel2013Source-controlReview,
	Author = {Hamel, Perrine and Daly, Edoardo and Fletcher, Tim D.},
	Date-Modified = {2020-03-16 22:11:14 -0400},
	Issn = {00221694},
	Journal = {Journal of Hydrology},
	Pages = {201--211},
	Title = {{Source-control stormwater management for mitigating the impacts of urbanisation on baseflow: A review}},
	Volume = {485},
	Year = {2013},
	Bdsk-Url-1 = {https://doi.org/10.1016/j.jhydrol.2013.01.001}}

@article{Sage2015StormwaterPractices,
	Author = {Sage, J{\'e}r{\'e}mie and Berthier, Emmanuel and Gromaire, Marie Christine},
	Date-Modified = {2020-03-16 22:11:14 -0400},
	Journal = {Environmental Management},
	Number = {1},
	Pages = {66--80},
	Publisher = {Springer US},
	Title = {{Stormwater Management Criteria for On-Site Pollution Control: A Comparative Assessment of International Practices}},
	Volume = {56},
	Year = {2015},
	Bdsk-Url-1 = {http://link.springer.com/10.1007/s00267-015-0485-1},
	Bdsk-Url-2 = {https://doi.org/10.1007/s00267-015-0485-1}}

@article{Petrucci2014UrbanHow,
	Author = {Petrucci, Guido and Deroubaix, Jose-Frederic and Tassin, Bruno},
	Date-Modified = {2020-03-16 22:11:14 -0400},
	Journal = {CWRS 2014: Evolving Water Resources Systems: Understanding, Predicting and Managing Water-Society Interactions},
	Pages = {1--7},
	Publisher = {IAHS Publ},
	Title = {{Urban stormwater source control policies: why and how?}},
	Volume = {364},
	Year = {2014},
	Bdsk-Url-1 = {https://doi.org/10.5194/piahs-364-446-2014}}

@article{Zhen2004OptimalScale,
	Author = {Zhen, Xiao-Yue ``Jenny'' and Yu, Shaw L. and Lin, Jen-Yang},
	Date-Modified = {2020-03-16 22:11:25 -0400},
	Issn = {0733-9496},
	Journal = {Journal of Water Resources Planning and Management},
	Number = {4},
	Pages = {339--347},
	Title = {{Optimal Location and Sizing of Stormwater Basins at Watershed Scale}},
	Volume = {130},
	Year = {2004},
	Bdsk-Url-1 = {https://doi.org/10.1061/(ASCE)0733-9496(2004)130:4(339)}}

@article{Ciou2012OptimizationWatershed,
	Author = {Ciou, Shih-Kai and Kuo, Jan-Tai and Hsieh, Pin-Hui and Yu, Gwo-Hsing},
	Date-Modified = {2020-03-16 22:11:14 -0400},
	Journal = {Journal of Irrigation and Drainage Engineering},
	Number = {8},
	Pages = {736--747},
	Title = {{Optimization Model for BMP Placement in a Reservoir Watershed}},
	Volume = {138},
	Year = {2012},
	Bdsk-Url-1 = {https://doi.org/10.1061/(ASCE)IR.1943}}

@article{Middleton2008WaterBasin,
	Author = {Middleton, John R and Barrett, Michael E},
	Journal = {Water Environment Research},
	Number = {2},
	Pages = {172--178},
	Publisher = {Water Environment Federation},
	Title = {{Water Quality Performance of a Batch-Type Stormwater Detention Basin}},
	Volume = {80},
	Year = {2008}}

@article{Jacopin2001OptimisationBasins,
	Author = {Jacopin, C and Lucas, E and Desbordes, M and Bourgogne, P},
	Journal = {Water science and technology},
	Number = {2},
	Pages = {277--285},
	Title = {{Optimisation of operational management practices for the detention basins}},
	Volume = {44},
	Year = {2001}}

@article{Muschalla2014Ecohydraulic-drivenBasins,
	Author = {Muschalla, Dirk and Vallet, Bertrand and Anctil, Fran{\c c}ois and Lessard, Paul and Pelletier, Genevi{\`e}ve and Vanrolleghem, Peter A.},
	Date-Modified = {2020-03-16 22:11:14 -0400},
	Issn = {00221694},
	Journal = {Journal of Hydrology},
	Pages = {82--91},
	Title = {{Ecohydraulic-driven real-time control of stormwater basins}},
	Volume = {511},
	Year = {2014},
	Bdsk-Url-1 = {https://doi.org/10.1016/j.jhydrol.2014.01.002}}

@article{Gaborit2013ImprovingForecasts,
	Author = {Gaborit, E and Muschalla, D and Vallet, B and Vanrolleghem, P A and Anctil, F},
	Date-Modified = {2020-03-16 22:11:14 -0400},
	Journal = {Urban Water Journal},
	Number = {4},
	Pages = {230--246},
	Title = {{Improving the performance of stormwater detention basins by real-time control using rainfall forecasts}},
	Volume = {10},
	Year = {2013},
	Bdsk-Url-1 = {https://doi.org/10.1080/1573062X.2012.726229}}

@article{Gaborit2015ExploringPonds,
	Author = {Gaborit, E and Anctil, F and Pelletier, G and Vanrolleghem, P A},
	Date-Modified = {2020-03-16 22:11:14 -0400},
	Journal = {Urban Water Journal},
	Pages = {1--11},
	Title = {{Exploring forecast-based management strategies for stormwater detention ponds}},
	Year = {2015},
	Bdsk-Url-1 = {https://doi.org/10.1080/1573062X.2015.1057172}}

@article{Gilpin2014InterimWatershed,
	Author = {Gilpin, Amy and Barrett, Michael and Asce, M},
	Journal = {World Environmental and Water Resources Congress.},
	Title = {{Interim Report on the Retrofit of an Existing Flood Control Facility to Improve Pollutant Removal in an Urban Watershed}},
	Year = {2014}}

@article{Mollerup2016ControllingCities,
	Author = {Mollerup, A. L. and Mikkelsen, P. S. and Thornberg, D. and Sin, G.},
	Journal = {http://dx.doi.org/10.1080/1573062X.2016.1148183},
	Publisher = {Taylor {\&} Francis},
	Title = {{Controlling sewer systems -- a critical review based on systems in three EU cities}},
	Year = {2016}}

@article{Benedetti2009AScale,
	Author = {Benedetti, Lorenzo and Prat, Pau and Nopens, Ingmar and Poch, Manel and Turon, Cl{\`a}udia and De Baets, Bernard and Comas, Joaquim},
	Date-Modified = {2020-03-16 22:11:14 -0400},
	Journal = {Water Science {\&} Technology},
	Number = {8},
	Pages = {2035},
	Publisher = {IWA Publishing},
	Title = {{A new rule generation method to develop a decision support system for integrated management at river basin scale}},
	Volume = {60},
	Year = {2009},
	Bdsk-Url-1 = {http://wst.iwaponline.com/cgi/doi/10.2166/wst.2009.522},
	Bdsk-Url-2 = {https://doi.org/10.2166/wst.2009.522}}

@article{Seggelke2013ImplementationWilhelmshaven,
	Author = {Seggelke, Katja and L{\"{o}}we, Roland and Beeneken, Thomas and Fuchs, Lothar},
	Journal = {http://dx.doi.org/10.1080/1573062X.2013.820331},
	Number = {5},
	Pages = {330--341},
	Publisher = {Taylor {\&} Francis Group},
	Title = {{Implementation of an integrated real-time control system of sewer system and waste water treatment plant in the city of Wilhelmshaven}},
	Volume = {10},
	Year = {2013}}

@article{Fiorelli2013OptimisedFunction,
	Author = {Fiorelli, David and Schutz, Georges and Klepiszewski, Kai and Regneri, Mario and Seiffert, Stefanie},
	Journal = {http://dx.doi.org/10.1080/1573062X.2013.806560},
	Publisher = {Taylor {\&} Francis Group},
	Title = {{Optimised real time operation of a sewer network using a multi-goal objective function}},
	Year = {2013}}

@book{Rossman2010Storm5.1,
	Author = {Rossman, Lewis A},
	Publisher = {US Environmental Protection Agency},
	Title = {{Storm Water Management Model User's Manual Version 5.1}},
	Year = {2010}}

@article{Wong2002AConceptualisation,
	Author = {Wong, Tony H F and Fletcher, Tim D and Duncan, Hugh P and Coleman, John R and Jenkins, Graham A},
	Date-Modified = {2020-03-16 22:11:14 -0400},
	Journal = {Global Solutions for Urban Drainage},
	Pages = {1--14},
	Title = {{A Model for Urban Stormwater Improvement Conceptualisation}},
	Year = {2002},
	Bdsk-Url-1 = {https://doi.org/10.1061/40644(2002)115}}

@book{Gironas2009STORMMANUAL,
	Author = {Giron{\'{a}}s, Jorge and Roesner, Larry A and Davis, Jennifer and Rossman, Lewis A},
	Publisher = {US Environmental Protection Agency},
	Title = {{STORM WATER MANAGEMENT MODEL APPLICATIONS MANUAL}},
	Year = {2009}}

@article{Lai2007SUSTAINWATERSHEDS,
	Author = {Lai, Fu-Hsiung and Dai, Ting and Zhen, Jenny and Riverson, John and Alvi, Khalid and Shoemaker, Leslie},
	Journal = {Proceedings of the Water Environment Federation},
	Pages = {946--968},
	Title = {{SUSTAIN -AN EPA BMP PROCESS AND PLACEMENT TOOL FOR URBAN WATERSHEDS}},
	Volume = {5},
	Year = {2007}}

@article{Langergraber2009CWM1:Wetlands,
	Author = {Langergraber, Guenter and Rousseau, Diederik P L and Garc{\'{i}}a, Joan and Mena, Javier},
	Date-Modified = {2020-03-16 22:11:14 -0400},
	Isbn = {0273-1223 (Print)},
	Journal = {Water Science and Technology},
	Number = {9},
	Pages = {1687--1697},
	Pmid = {19448302},
	Title = {{CWM1: A general model to describe biokinetic processes in subsurface flow constructed wetlands}},
	Volume = {59},
	Year = {2009},
	Bdsk-Url-1 = {https://doi.org/10.2166/wst.2009.131}}

@article{Langergraber2008ModelingReview,
	Author = {Langergraber, G{\"u}nter},
	Date-Modified = {2020-03-16 22:11:14 -0400},
	Journal = {Vadose Zone Journal {\textperiodcentered}},
	Number = {2},
	Pages = {830--842},
	Title = {{Modeling of Processes in Subsurface Flow Constructed Wetlands: A Review}},
	Volume = {7},
	Year = {2008},
	Bdsk-Url-1 = {https://doi.org/10.2136/vzj2007.0054}}

@book{Kadlec2008TreatmentWetlands,
	Author = {Kadlec, Robert H and Wallace, Scott},
	Publisher = {CRC press},
	Title = {{Treatment wetlands}},
	Year = {2008}}

@article{Persson2003HowPonds,
	Author = {Persson, Jesper and Wittgren, Hans B},
	Date-Modified = {2020-03-16 22:11:14 -0400},
	Issn = {09258574},
	Journal = {Ecological Engineering},
	Number = {4},
	Pages = {259--269},
	Title = {{How hydrological and hydraulic conditions affect performance of ponds}},
	Volume = {21},
	Year = {2003},
	Bdsk-Url-1 = {https://doi.org/10.1016/j.ecoleng.2003.12.004}}

@article{Mitchell2001AlternativeKinetics,
	Author = {Mitchell, Cynthia and McNevin, Dennis},
	Date-Modified = {2020-03-16 22:11:14 -0400},
	Issn = {00431354},
	Journal = {Water Research},
	Number = {5},
	Pages = {1295--1303},
	Title = {{Alternative analysis of BOD removal in subsurface flow constructed wetlands employing Monod kinetics}},
	Volume = {35},
	Year = {2001},
	Bdsk-Url-1 = {https://doi.org/10.1016/S0043-1354(00)00373-0}}

@article{Ria2016MatSWMMSystems,
	Author = {Ria, G and Barreiro-Gomez, J and Ramirez-Jaime, A and Quijano, N and Ocampo-Martinez, C},
	Date-Modified = {2020-03-16 22:11:14 -0400},
	Journal = {Environmental Modelling {\&} Software},
	Pages = {143--154},
	Title = {{MatSWMM e An open-source toolbox for designing real-time control of urban drainage systems}},
	Volume = {83},
	Year = {2016},
	Bdsk-Url-1 = {https://doi.org/10.1016/j.envsoft.2016.05.009}}

@article{NterLangergraber2005ModelingWetlands,
	Author = {Nter Langergraber, G{\"u} and Im{\r u} Nek, Jirka {\v S}},
	Date-Modified = {2020-03-16 22:11:14 -0400},
	Journal = {Vadose Zone Journal},
	Number = {4},
	Pages = {924--938},
	Title = {{Modeling Variably Saturated Water Flow and Multicomponent Reactive Transport in Constructed Wetlands}},
	Volume = {4},
	Year = {2005},
	Bdsk-Url-1 = {https://doi.org/10.2136/vzj2004.0166}}

@article{Brunner1991ANetworks,
	Author = {Brunner, Gary W and Gorbrecht, Jurgen},
	Journal = {ASCE Journal of Hydraulics},
	Number = {5},
	Pages = {629--642},
	Title = {{A Muskingum-Cunge Channel Flow Routing Method for Drainage Networks}},
	Volume = {117},
	Year = {1991}}

@book{Chin2000Water-resourcesEngineering,
	Author = {Chin, David A and {Mazumdar} and {Asis} and {Roy} and {Kumar}},
	Edition = {12},
	Publisher = {Prentice Hall Englewood Cliffs},
	Title = {{Water-resources engineering}},
	Year = {2000}}

@techreport{Chiew1997UrbanPollution,
	Author = {Chiew, Francis and Mudgway, Lance and McMahon, Thomas},
	Date-Modified = {2020-03-16 22:13:43 -0400},
	Institution = {Cooperative Research Centre for Catchment Hydrology,},
	Title = {{Urban Stormwater Pollution}},
	Year = {1997}}

@article{Palfy2014TheData,
	Author = {P{\'{a}}lfy, T.G. and Langergraber, G.},
	Date-Modified = {2020-03-16 22:11:14 -0400},
	Issn = {09258574},
	Journal = {Ecological Engineering},
	Pages = {105--115},
	Title = {{The verification of the Constructed Wetland Model No. 1 implementation in HYDRUS using column experiment data}},
	Volume = {68},
	Year = {2014},
	Bdsk-Url-1 = {http://linkinghub.elsevier.com/retrieve/pii/S0925857414000767},
	Bdsk-Url-2 = {https://doi.org/10.1016/j.ecoleng.2014.03.016}}

@article{Rizzo2014ModellingHYDRUS-CWM1,
	Author = {Rizzo, A. and Langergraber, G. and Galv{\~{a}}o, A. and Boano, F. and Revelli, R. and Ridolfi, L.},
	Date-Modified = {2020-03-16 22:11:14 -0400},
	Issn = {09258574},
	Journal = {Ecological Engineering},
	Pages = {209--213},
	Title = {{Modelling the response of laboratory horizontal flow constructed wetlands to unsteady organic loads with HYDRUS-CWM1}},
	Volume = {68},
	Year = {2014},
	Bdsk-Url-1 = {http://linkinghub.elsevier.com/retrieve/pii/S0925857414001335},
	Bdsk-Url-2 = {https://doi.org/10.1016/j.ecoleng.2014.03.073}}

@article{Giraldi2010FITOVERT:Wetlands,
	Author = {Giraldi, D. and de Michieli Vitturi, M. and Iannelli, R.},
	Date-Modified = {2020-03-16 22:11:14 -0400},
	Issn = {13648152},
	Journal = {Environmental Modelling {\&} Software},
	Number = {5},
	Pages = {633--640},
	Title = {{FITOVERT: A dynamic numerical model of subsurface vertical flow constructed wetlands}},
	Volume = {25},
	Year = {2010},
	Bdsk-Url-1 = {https://doi.org/10.1016/j.envsoft.2009.05.007}}

@article{Turner2008GulfLegacy,
	Author = {Turner, R. Eugene and Rabalais, Nancy N. and Justic, Dubravko},
	Journal = {Environmental Science {\&} Technology},
	Number = {7},
	Pages = {2323--2327},
	Publisher = {American Chemical Society},
	Title = {{Gulf of Mexico Hypoxia: Alternate States and a Legacy}},
	Volume = {42},
	Year = {2008}}

@article{Reddy1989Nitrification-DenitrificationWetlands,
	Author = {Reddy, K R and Patrick, W H and Lindau, C W},
	Date-Modified = {2020-03-16 22:11:14 -0400},
	Journal = {Source: Limnology and Oceanography Limnol. Oceanogr},
	Number = {346},
	Pages = {1004--1013},
	Title = {{Nitrification-Denitrification at the Plant Root-Sediment Interface in Wetlands}},
	Volume = {34},
	Year = {1989},
	Bdsk-Url-1 = {http://www.jstor.org/stable/2837190%20http://about.jstor.org/terms}}

@article{White2009BiogeochemicalWetlands,
	Author = {White, John R. and Reddy, K. R.},
	Date-Modified = {2020-03-16 22:11:14 -0400},
	Isbn = {9780632052554},
	Journal = {The Wetlands Handbook},
	Pages = {213--227},
	Title = {{Biogeochemical Dynamics I: Nitrogen Cycling in Wetlands}},
	Year = {2009},
	Bdsk-Url-1 = {https://doi.org/10.1002/9781444315813.ch9}}

@article{Alvord1996AtrazineWetlands,
	Author = {Alvord, H.H. and Kadlec, R.H.},
	Date-Modified = {2020-03-16 22:11:14 -0400},
	Issn = {03043800},
	Journal = {Ecological Modelling},
	Number = {1},
	Pages = {97--107},
	Publisher = {Elsevier},
	Title = {{Atrazine fate and transport in the Des Plaines Wetlands}},
	Volume = {90},
	Year = {1996},
	Bdsk-Url-1 = {http://linkinghub.elsevier.com/retrieve/pii/0304380095001506},
	Bdsk-Url-2 = {https://doi.org/10.1016/0304-3800(95)00150-6}}

@article{Kadlec2001PhosphorusWetlands,
	Author = {{Kadlec} and {Robert H}},
	Journal = {Transformations of Nutrients in Natural and Constructed Wetlands},
	Pages = {365--391},
	Title = {{Phosphorus dynamics in event driven wetlands}},
	Year = {2001}}

@article{Munson2002ModelArea,
	Author = {Munson, Ronald K. and Roy, Sujoy B. and Gherini, Steven A. and MacNeill, Andrew L. and Hudson, Robert J. M. and Blette, Veronica L.},
	Date-Modified = {2020-03-16 22:11:14 -0400},
	Issn = {00496979},
	Journal = {Water, Air, and Soil Pollution},
	Number = {1/4},
	Pages = {255--272},
	Publisher = {Kluwer Academic Publishers},
	Title = {{Model Prediction of the Effects of Changing Phosphorus Loads on the Everglades Protection Area}},
	Volume = {134},
	Year = {2002},
	Bdsk-Url-1 = {http://link.springer.com/10.1023/A:1014197023023},
	Bdsk-Url-2 = {https://doi.org/10.1023/A:1014197023023}}

	
@book{TheMathWorksInc.MATLAB,
year = {2016},
author = {MATLAB},
title = {R2016a)},
publisher = {The MathWorks Inc.},
address = {Natick, Massachusetts}
}

@article{Dormand1980AFormulae,
	Author = {Dormand, J.R. and Prince, P.J.},
	Date-Modified = {2020-03-16 22:11:14 -0400},
	Issn = {03770427},
	Journal = {Journal of Computational and Applied Mathematics},
	Number = {1},
	Pages = {19--26},
	Publisher = {North-Holland},
	Title = {{A family of embedded Runge-Kutta formulae}},
	Volume = {6},
	Year = {1980},
	Bdsk-Url-1 = {http://linkinghub.elsevier.com/retrieve/pii/0771050X80900133},
	Bdsk-Url-2 = {https://doi.org/10.1016/0771-050X(80)90013-3}}

@article{Michalak2013Record-settingConditions,
	Author = {Michalak, A. M. and Anderson, E. J. and Beletsky, D. and Boland, S. and Bosch, N. S. and Bridgeman, T. B. and Chaffin, J. D. and Cho, K. and Confesor, R. and Daloglu, I. and DePinto, J. V. and Evans, M. A. and Fahnenstiel, G. L. and He, L. and Ho, J. C. and Jenkins, L. and Johengen, T. H. and Kuo, K. C. and LaPorte, E. and Liu, X. and McWilliams, M. R. and Moore, M. R. and Posselt, D. J. and Richards, R. P. and Scavia, D. and Steiner, A. L. and Verhamme, E. and Wright, D. M. and Zagorski, M. A.},
	Date-Modified = {2020-03-16 22:11:14 -0400},
	Issn = {0027-8424},
	Journal = {Proceedings of the National Academy of Sciences},
	Number = {16},
	Pages = {6448--6452},
	Publisher = {National Academy of Sciences},
	Title = {{Record-setting algal bloom in Lake Erie caused by agricultural and meteorological trends consistent with expected future conditions}},
	Volume = {110},
	Year = {2013},
	Bdsk-Url-1 = {http://www.pnas.org/cgi/doi/10.1073/pnas.1216006110},
	Bdsk-Url-2 = {https://doi.org/10.1073/pnas.1216006110}}

@article{Kerkez2016SmarterSystems,
	Author = {Kerkez, Branko and Gruden, Cyndee and Lewis, Matthew J and Montestruque, Luis and Quigley, Marcus and Wong, Brandon P and Bedig, Alex and Kertesz, Ruben and Braun, Tim and Cadwalader, Owen and Poresky, Aaron and Pak, Carrie},
	Date-Modified = {2020-03-16 22:11:14 -0400},
	Journal = {Environmental Science {\&} Technology},
	Number = {14},
	Pages = {7267--7273},
	Title = {{Smarter Stormwater Systems}},
	Volume = {50},
	Year = {2016},
	Bdsk-Url-1 = {https://doi.org/10.1021/acs.est.5b05870}}

@article{TheEuropeanParliamentandthecouncilofEuropeanUnion2000DirectivePolicy,
	Author = {{The European Parliament and the council of European Union}},
	Date-Modified = {2020-03-16 22:11:14 -0400},
	Journal = {Official Journal of the European Communities},
	Pages = {01 - 73},
	Title = {{Directive 2000/60/EC of the European Parliament and of the Council of 23 October 2000 establishing a framework for Community action in the field of water policy}},
	Year = {2000},
	Bdsk-Url-1 = {http://eur-lex.europa.eu/legal-content/EN/TXT/?uri=CELEX:32000L0060}}

@book{Sheffi1984UrbanNetworks,
	Author = {Sheffi, Yosef},
	Isbn = {0139397299},
	Publisher = {Prentice Hall},
	Title = {{Urban transportation networks}},
	Year = {1984}}

@book{Astrom2006FeedbackEngineers,
	Author = {Astr{\"{o}}m, Karl Joha and Murray, Richard M and Murray, Richard},
	Publisher = {Princeton University Press},
	Title = {{Feedback Systems: An Introduction for Scientists and Engineers}},
	Year = {2006}}

@article{Scholes2008APotentials,
	Author = {Scholes, Lian and Revitt, D. Michael and Ellis, J. Bryan},
	Date-Modified = {2020-03-16 22:11:14 -0400},
	Issn = {03014797},
	Journal = {Journal of Environmental Management},
	Number = {3},
	Pages = {467--478},
	Title = {{A systematic approach for the comparative assessment of stormwater pollutant removal potentials}},
	Volume = {88},
	Year = {2008},
	Bdsk-Url-1 = {https://doi.org/10.1016/j.jenvman.2007.03.003}}

@article{Goodall2011ModelingParadigm,
	Author = {Goodall, Jonathan L. and Robinson, Bella F. and Castronova, Anthony M.},
	Date-Modified = {2020-03-16 22:11:14 -0400},
	Issn = {13648152},
	Journal = {Environmental Modelling {\&} Software},
	Number = {5},
	Pages = {573--582},
	Title = {{Modeling water resource systems using a service-oriented computing paradigm}},
	Volume = {26},
	Year = {2011},
	Bdsk-Url-1 = {https://doi.org/10.1016/j.envsoft.2010.11.013}}

@book{Henze2000ActivatedASM3,
	Author = {Henze, M},
	Date-Modified = {2020-03-16 22:11:14 -0400},
	Publisher = {IWA publishing},
	Title = {{Activated sludge models ASM1, ASM2, ASM2d and ASM3}},
	Year = {2000},
	Bdsk-Url-1 = {https://books.google.com/books?hl=en%7B%5C&%7Dlr=%7B%5C&%7Did=W0NTq3LUfOUC%7B%5C&%7Doi=fnd%7B%5C&%7Dpg=PT7%7B%5C&%7Ddq=ASM1+wastewater+quality+model%7B%5C&%7Dots=kn17ynLhsz%7B%5C&%7Dsig=F5xosqfmQo6B6myslPmHacBTsFg}}

@article{Chaubey1999UncertaintyRainfall,
	Author = {Chaubey, I. and Haan, C.T. and Grunwald, S. and Salisbury, J.M.},
	Date-Modified = {2020-03-16 22:11:14 -0400},
	Issn = {00221694},
	Journal = {Journal of Hydrology},
	Number = {1},
	Pages = {48--61},
	Title = {{Uncertainty in the model parameters due to spatial variability of rainfall}},
	Volume = {220},
	Year = {1999},
	Bdsk-Url-1 = {https://doi.org/10.1016/S0022-1694(99)00063-3}}

@article{Ouyang2006AssessmentQuality,
	Author = {Ouyang, Y. and Nkedi-Kizza, P. and Wu, Q.T. and Shinde, D. and Huang, C.H.},
	Date-Modified = {2020-03-16 22:11:14 -0400},
	Issn = {00431354},
	Journal = {Water Research},
	Number = {20},
	Pages = {3800--3810},
	Title = {{Assessment of seasonal variations in surface water quality}},
	Volume = {40},
	Year = {2006},
	Bdsk-Url-1 = {https://doi.org/10.1016/j.watres.2006.08.030}}

@book{DepartmentofEnvironmentalProtection2006PennsylvaniaManual,
	Author = {{Department of Environmental Protection}},
	Publisher = {Bureau of Watershed Management},
	Title = {{Pennsylvania Stormwater Best Management Practices Manual}},
	Year = {2006}}

@article{Goonetilleke2005UnderstandingManagement,
	Author = {Goonetilleke, Ashantha and Thomas, Evan and Ginn, Simon and Gilbert, Dale},
	Date-Modified = {2020-03-16 22:11:14 -0400},
	Issn = {03014797},
	Journal = {Journal of Environmental Management},
	Number = {1},
	Pages = {31--42},
	Title = {{Understanding the role of land use in urban stormwater quality management}},
	Volume = {74},
	Year = {2005},
	Bdsk-Url-1 = {https://doi.org/10.1016/j.jenvman.2004.08.006}}

@book{Brunner2016HECManual,
	Author = {Brunner, Gary and {CEIWR-HEC}},
	Edition = {5.0},
	Publisher = {US Army Corps of Engineers, Institute for Water Resources},
	Title = {{HEC -RAS River Analysis System User Manual}},
	Year = {2016}}

@book{Ogata201ModernEngineering,
	Author = {Ogata, Katsuhiko},
	Date-Modified = {2020-03-16 22:11:14 -0400},
	Edition = {5},
	Isbn = {9780136156734},
	Publisher = {Prentice Hall},
	Title = {{Modern Control Engineering}},
	Year = {201},
	Bdsk-Url-1 = {https://books.google.com/books?id=Wu5GpNAelzkC%7B%5C&%7Dq=Modern+Control+Engineering%7B%5C&%7Ddq=Modern+Control+Engineering%7B%5C&%7Dhl=en%7B%5C&%7Dsa=X%7B%5C&%7Dved=0ahUKEwjtzbbizbfOAhVU-GMKHZy0ChcQ6AEIHDAA}}

@article{Cizek201340,
	Author = {Adrienne R. Cizek and William F. Hunt},
	Date-Modified = {2020-03-16 22:11:52 -0400},
	Issn = {0925-8574},
	Journal = {Ecological Engineering},
	Pages = {40 - 45},
	Title = {Defining predevelopment hydrology to mimic predevelopment water quality in stormwater control measures (SCMs)},
	Volume = {57},
	Year = {2013},
	Bdsk-Url-1 = {http://www.sciencedirect.com/science/article/pii/S0925857413001341},
	Bdsk-Url-2 = {http://dx.doi.org/10.1016/j.ecoleng.2013.04.016}}

@article{Knight2003211,
	Author = {Robert L Knight and William E Walton and George F O'Meara and William K Reisen and Roland Wass},
	Date-Modified = {2020-03-16 22:11:39 -0400},
	Issn = {0925-8574},
	Journal = {Ecological Engineering},
	Number = {4--5},
	Pages = {211 - 232},
	Title = {Strategies for effective mosquito control in constructed treatment wetlands},
	Volume = {21},
	Year = {2003},
	Bdsk-Url-1 = {http://www.sciencedirect.com/science/article/pii/S0925857403001058},
	Bdsk-Url-2 = {http://dx.doi.org/10.1016/j.ecoleng.2003.11.001}}

@article{Tillinghast_2012,
	Author = {E. D. Tillinghast and W. F. Hunt and G. D. Jennings and Patricia D'Arconte},
	Date-Modified = {2020-03-16 22:11:14 -0400},
	Eprint = {http://dx.doi.org/10.1061/(ASCE)HE.1943-5584.0000577},
	Journal = {Journal of Hydrologic Engineering},
	Number = {12},
	Pages = {1381-1388},
	Publisher = {American Society of Civil Engineers ({ASCE})},
	Title = {Increasing Stream Geomorphic Stability Using Storm Water Control Measures in a Densely Urbanized Watershed},
	Volume = {17},
	Year = {2012},
	Bdsk-Url-1 = {http://dx.doi.org/10.1061/(ASCE)HE.1943-5584.0000577}}
