@article{schutze_astlingen_2018,
	title = {Astlingen – a benchmark for real time control ({RTC})},
	volume = {2017},
	issn = {0273-1223, 1996-9732},
	url = {https://iwaponline.com/wst/article/2017/2/552-560/38794},
	doi = {10.2166/wst.2018.172},
	language = {en},
	number = {2},
	urldate = {2019-05-20},
	journal = {Water Science and Technology},
	author = {Schütze, Manfred and Lange, Maja and Pabst, Michael and Haas, Ulrich},
	month = may,
	year = {2018},
	pages = {552--560}}

@article{schutze_sewer_2008,
	title = {Sewer system real-time control supported by the {M180} guideline document},
	volume = {5},
	issn = {1573-062X, 1744-9006},
	url = {http://www.tandfonline.com/doi/abs/10.1080/15730620701754376},
	doi = {10.1080/15730620701754376},
	language = {en},
	number = {1},
	urldate = {2020-01-29},
	journal = {Urban Water Journal},
	author = {Schütze, M. and Erbe, V. and Haas, U. and Scheer, M. and Weyand, M.},
	month = mar,
	year = {2008},
	pages = {69--78}}

@misc{LarisKarklisBefore-and-afterPost,
  author =        {Laris Karklis, Kevin Uhrmacher and John Muyskens},
  title =         {{Before-and-after photos of Harvey flooding in Texas
                   - Washington Post}},
  year =          {2017},
  url =           {https://www.washingtonpost.com/graphics/2017/national/
                  harvey-photos-before-after/?utm_term=.5976b1e7a7ed},
}

@article{Watson2016TheHypoxia,
  author =        {Watson, Susan B. and Miller, Carol and
                   Arhonditsis, George and Boyer, Gregory L. and
                   Carmichael, Wayne and Charlton, Murray N. and
                   Confesor, Remegio and Depew, David C. and
                   H{\"{o}}{\"{o}}k, Tomas O. and Ludsin, Stuart A. and
                   Matisoff, Gerald and McElmurry, Shawn P. and
                   Murray, Michael W. and Peter Richards, R. and
                   Rao, Yerubandi R. and Steffen, Morgan M. and
                   Wilhelm, Steven W.},
  journal =       {Harmful Algae},
  month =         {6},
  pages =         {44--66},
  publisher =     {Elsevier},
  title =         {{The re-eutrophication of Lake Erie: Harmful algal
                   blooms and hypoxia}},
  volume =        {56},
  year =          {2016},
  doi =           {10.1016/J.HAL.2016.04.010},
  issn =          {1568-9883},
  url =           {https://www-sciencedirect-com.proxy.lib.umich.edu/science/
                  article/pii/S1568988315301141},
}

@article{Kerkez2016,
  author =        {Kerkez, Branko and Gruden, Cyndee and
                   Lewis, Matthew J and Montestruque, Luis and
                   Quigley, Marcus and Wong, Brandon P and Bedig, Alex and
                   Kertesz, Ruben and Braun, Tim and Cadwalader, Owen and
                   Poresky, Aaron and Pak, Carrie},
  journal =       {Environmental Science {\&} Technology},
  number =        {14},
  pages =         {acs.est.5b05870},
  title =         {{Smarter Stormwater Systems}},
  volume =        {50},
  year =          {2016},
  doi =           {10.1021/acs.est.5b05870},
  issn =          {0013-936X},
  url =           {http://pubs.acs.org/doi/abs/10.1021/acs.est.5b05870},
}

@article{Emerson2005Watershed-ScaleBasins,
  author =        {Emerson, Clay H. and Welty, Claire and
                   Traver, Robert G.},
  journal =       {Journal of Hydrologic Engineering},
  month =         {5},
  number =        {3},
  pages =         {237--242},
  title =         {{Watershed-Scale Evaluation of a System of Storm
                   Water Detention Basins}},
  volume =        {10},
  year =          {2005},
  doi =           {10.1061/(ASCE)1084-0699(2005)10:3(237)},
  issn =          {1084-0699},
  url =           {http://ascelibrary.org/doi/10.1061/%28ASCE%291084-
                  0699%282005%2910%3A3%28237%29},
}

@article{Mullapudi2017,
  author =        {Mullapudi, Abhiram and Wong, Brandon P. and
                   Kerkez, Branko},
  journal =       {Environ. Sci.: Water Res. Technol.},
  publisher =     {Royal Society of Chemistry},
  title =         {{Emerging investigators series: building a theory for
                   smart stormwater systems}},
  year =          {2017},
  doi =           {10.1039/C6EW00211K},
  issn =          {2053-1400},
  url =           {http://xlink.rsc.org/?DOI=C6EW00211K},
}

@article{Schutze2004RealToday,
  author =        {Sch{\"{u}}tze, Manfred and Campisano, Alberto and
                   Colas, Hubert and Schilling, Wolfgang and
                   Vanrolleghem, Peter A.},
  journal =       {Journal of Hydrology},
  number =        {3},
  pages =         {335--348},
  title =         {{Real time control of urban wastewater
                   systems—where do we stand today?}},
  volume =        {299},
  year =          {2004},
  doi =           {10.1016/j.jhydrol.2004.08.010},
  issn =          {00221694},
}

@article{Mnih2015,
  author =        {Mnih, Volodymyr and Kavukcuoglu, Koray and
                   Silver, David and Rusu, Andrei a and Veness, Joel and
                   Bellemare, Marc G and Graves, Alex and
                   Riedmiller, Martin and Fidjeland, Andreas K and
                   Ostrovski, Georg and Petersen, Stig and
                   Beattie, Charles and Sadik, Amir and
                   Antonoglou, Ioannis and King, Helen and
                   Kumaran, Dharshan and Wierstra, Daan and Legg, Shane and
                   Hassabis, Demis},
  journal =       {Nature},
  number =        {7540},
  pages =         {529--533},
  publisher =     {Nature Publishing Group},
  title =         {{Human-level control through deep reinforcement
                   learning}},
  volume =        {518},
  year =          {2015},
  doi =           {10.1038/nature14236},
  isbn =          {1476-4687 (Electronic) 0028-0836 (Linking)},
  issn =          {0028-0836},
  url =           {http://dx.doi.org/10.1038/nature14236},
}

@article{Lillicrap2015ContinuousLearning,
  author =        {Lillicrap, Timothy P and Hunt, Jonathan J and
                   Pritzel, Alexander and Heess, Nicolas and Erez, Tom and
                   Tassa, Yuval and Silver, David and Wierstra, Daan},
  journal =       {arXiv preprint arXiv:1509.02971},
  title =         {Continuous control with deep reinforcement learning},
  year =          {2015},
}

@article{TheEuropeanParliamentandthecouncilofEuropeanUnion2000,
  author =        {{The European Parliament and
                   the council of European Union}},
  journal =       {Official Journal of the European Communities},
  pages =         {01 - 73},
  title =         {{Directive 2000/60/EC of the European Parliament and
                   of the Council of 23 October 2000 establishing a
                   framework for Community action in the field of water
                   policy}},
  year =          {2000},
  url =           {http://eur-lex.europa.eu/legal-content/EN/TXT/?uri=CELEX:
                  32000L0060},
}

@article{Mollerup2016,
  author =        {Mollerup, A. L. and Mikkelsen, P. S. and
                   Thornberg, D. and Sin, G.},
  journal =       {http://dx.doi.org/10.1080/1573062X.2016.1148183},
  publisher =     {Taylor {\&} Francis},
  title =         {{Controlling sewer systems – a critical review
                   based on systems in three EU cities}},
  year =          {2016},
}

@article{Mahmoodian2017Pollution-basedPropagation,
  author =        {Mahmoodian, Mahmood and Delmont, Orianne and
                   Schutz, Georges},
  journal =       {International Journal of Sustainable Development and
                   Planning},
  month =         {1},
  number =        {01},
  pages =         {98--111},
  publisher =     {WIT Press},
  title =         {{Pollution-based model predictive control of combined
                   sewer networks, considering uncertainty propagation}},
  volume =        {12},
  year =          {2017},
  doi =           {10.2495/SDP-V12-N1-98-111},
  issn =          {1743-7601},
  url =           {http://www.witpress.com/journals/SDP-98-111},
}

@article{pleau2005global,
  author =        {Pleau, Martin and Colas, Hubert and Lavallee, Pierre and
                   Pelletier, Genevi{\`e}ve and Bonin, Richard},
  journal =       {Environmental Modelling \& Software},
  number =        {4},
  pages =         {401--413},
  publisher =     {Elsevier},
  title =         {Global optimal real-time control of the Quebec urban
                   drainage system},
  volume =        {20},
  year =          {2005},
}

@article{vanOverloop2008MultipleSystem,
  author =        {van Overloop, Peter-Jules and Weijs, Steven and
                   Dijkstra, Sjoerd},
  journal =       {Control Engineering Practice},
  month =         {5},
  number =        {5},
  pages =         {531--540},
  publisher =     {Pergamon},
  title =         {{Multiple Model Predictive Control on a drainage
                   canal system}},
  volume =        {16},
  year =          {2008},
  doi =           {10.1016/J.CONENGPRAC.2007.06.002},
  issn =          {0967-0661},
  url =           {https://www-sciencedirect-com.proxy.lib.umich.edu/science/
                  article/pii/S0967066107001190},
}

@article{Meneses2018CoordinatingDenmark,
  author =        {Meneses, Elbys and Gaussens, Marion and
                   Jakobsen, Carsten and Mikkelsen, Peter and
                   Grum, Morten and Vezzaro, Luca},
  journal =       {Water},
  month =         {1},
  number =        {1},
  pages =         {76},
  publisher =     {Multidisciplinary Digital Publishing Institute},
  title =         {{Coordinating Rule-Based and System-Wide Model
                   Predictive Control Strategies to Reduce Storage
                   Expansion of Combined Urban Drainage Systems: The
                   Case Study of Lundtofte, Denmark}},
  volume =        {10},
  year =          {2018},
  doi =           {10.3390/w10010076},
  issn =          {2073-4441},
  url =           {http://www.mdpi.com/2073-4441/10/1/76},
}

@article{wong2018real,
  author =        {Wong, BP and Kerkez, B},
  journal =       {Water Resources Research},
  publisher =     {Wiley Online Library},
  title =         {Real-time control of urban headwater catchments
                   through linear feedback: performance, analysis and
                   site selection},
  year =          {2018},
}

@book{van2006model,
  author =        {Van Overloop, Peter-Jules},
  publisher =     {IOS Press},
  title =         {Model predictive control on open water systems},
  year =          {2006},
}

@book{Ogata201,
  author =        {Ogata, Katsuhiko},
  edition =       {5},
  publisher =     {Prentice Hall},
  title =         {{Modern Control Engineering}},
  year =          {2011},
  isbn =          {9780136156734},
  url =           {https://books.google.com/books?id=Wu5GpNAelzkC&
                  q=Modern+Control+Engineering&dq=Modern+Control+Engineering&
                  hl=en&sa=X&ved=0ahUKEwjtzbbizbfOAhVU-GMKHZy0ChcQ6AEIHDAA},
}

@article{vezzaro2014generalised,
  author =        {Vezzaro, Luca and Grum, Morten},
  journal =       {Journal of Hydrology},
  pages =         {292--303},
  publisher =     {Elsevier},
  title =         {A generalised dynamic overflow risk assessment (dora)
                   for real time control of urban drainage systems},
  volume =        {515},
  year =          {2014},
}

@book{Sutton98,
  author =        {Sutton, R and Barto, A},
  publisher =     {MIT Press, Cambridge},
  title =         {{Reinforcement learning}},
  year =          {1998},
}

@article{silver2017masteringgo,
  author =        {Silver, David and Schrittwieser, Julian and
                   Simonyan, Karen and Antonoglou, Ioannis and
                   Huang, Aja and Guez, Arthur and Hubert, Thomas and
                   Baker, Lucas and Lai, Matthew and Bolton, Adrian and
                   others},
  journal =       {Nature},
  number =        {7676},
  pages =         {354},
  publisher =     {Nature Publishing Group},
  title =         {Mastering the game of Go without human knowledge},
  volume =        {550},
  year =          {2017},
}

@article{Silver2017MasteringAlgorithm,
  author =        {Silver, David and Hubert, Thomas and
                   Schrittwieser, Julian and Antonoglou, Ioannis and
                   Lai, Matthew and Guez, Arthur and Lanctot, Marc and
                   Sifre, Laurent and Kumaran, Dharshan and
                   Graepel, Thore and others},
  journal =       {arXiv preprint arXiv:1712.01815},
  title =         {Mastering chess and shogi by self-play with a general
                   reinforcement learning algorithm},
  year =          {2017},
}

@article{Kober2013ReinforcementSurvey,
  author =        {Kober, Jens and Bagnell, J. Andrew and Peters, Jan},
  journal =       {The International Journal of Robotics Research},
  month =         {9},
  number =        {11},
  pages =         {1238--1274},
  publisher =     {SAGE PublicationsSage UK: London, England},
  title =         {{Reinforcement learning in robotics: A survey}},
  volume =        {32},
  year =          {2013},
  doi =           {10.1177/0278364913495721},
  issn =          {0278-3649},
  url =           {http://journals.sagepub.com/doi/10.1177/0278364913495721},
}

@incollection{Ng2006AutonomousLearning,
  author =        {Ng, Andrew Y and Coates, Adam and Diel, Mark and
                   Ganapathi, Varun and Schulte, Jamie and Tse, Ben and
                   Berger, Eric and Liang, Eric},
  booktitle =     {Experimental Robotics IX},
  pages =         {363--372},
  publisher =     {Springer},
  title =         {Autonomous inverted helicopter flight via
                   reinforcement learning},
  year =          {2006},
}

@article{abdulhai2003reinforcement,
  author =        {Abdulhai, Baher and Kattan, Lina},
  journal =       {Canadian Journal of Civil Engineering},
  number =        {6},
  pages =         {981--991},
  publisher =     {NRC Research Press},
  title =         {Reinforcement learning: Introduction to theory and
                   potential for transport applications},
  volume =        {30},
  year =          {2003},
}

@article{bhattacharya2003neural,
  author =        {Bhattacharya, B and Lobbrecht, AH and Solomatine, DP},
  journal =       {Journal of Water Resources Planning and Management},
  number =        {6},
  pages =         {458--465},
  publisher =     {American Society of Civil Engineers},
  title =         {Neural networks and reinforcement learning in control
                   of water systems},
  volume =        {129},
  year =          {2003},
}

@article{castelletti2010tree,
  author =        {Castelletti, A and Galelli, Stefano and
                   Restelli, Marcello and Soncini-Sessa, Rodolfo},
  journal =       {Water Resources Research},
  number =        {9},
  publisher =     {Wiley Online Library},
  title =         {Tree-based reinforcement learning for optimal water
                   reservoir operation},
  volume =        {46},
  year =          {2010},
}

@inproceedings{sutton2000policy,
  author =        {Sutton, Richard S and McAllester, David A and
                   Singh, Satinder P and Mansour, Yishay},
  booktitle =     {Advances in neural information processing systems},
  pages =         {1057--1063},
  title =         {Policy gradient methods for reinforcement learning
                   with function approximation},
  year =          {2000},
}

@article{Watkins1992Q-learning,
  author =        {Watkins, Christopher J. C. H. and Dayan, Peter},
  journal =       {Machine Learning},
  month =         {5},
  number =        {3-4},
  pages =         {279--292},
  publisher =     {Kluwer Academic Publishers},
  title =         {{Q-learning}},
  volume =        {8},
  year =          {1992},
  doi =           {10.1007/BF00992698},
  issn =          {0885-6125},
  url =           {http://link.springer.com/10.1007/BF00992698},
}

@incollection{sutton1991planning,
  author =        {Sutton, Richard S},
  booktitle =     {Machine Learning Proceedings 1991},
  pages =         {353--357},
  publisher =     {Elsevier},
  title =         {Planning by incremental dynamic programming},
  year =          {1991},
}

@article{Mnih2013PlayingLearning,
  author =        {Mnih, Volodymyr and Kavukcuoglu, Koray and
                   Silver, David and Graves, Alex and
                   Antonoglou, Ioannis and Wierstra, Daan and
                   Riedmiller, Martin},
  journal =       {arXiv preprint arXiv: {\ldots}},
  pages =         {1--9},
  title =         {{Playing Atari with Deep Reinforcement Learning}},
  year =          {2013},
  doi =           {10.1038/nature14236},
  isbn =          {1476-4687 (Electronic) 0028-0836 (Linking)},
  issn =          {0028-0836},
  url =           {http://arxiv.org/abs/1312.5602},
}

@article{hornik1989multilayer,
  author =        {Hornik, Kurt and Stinchcombe, Maxwell and
                   White, Halbert},
  journal =       {Neural networks},
  number =        {5},
  pages =         {359--366},
  publisher =     {Elsevier},
  title =         {Multilayer feedforward networks are universal
                   approximators},
  volume =        {2},
  year =          {1989},
}

@article{LeCun2015DeepLearning,
  author =        {LeCun, Yann and Bengio, Yoshua and Hinton, Geoffrey},
  journal =       {Nature},
  month =         {5},
  number =        {7553},
  pages =         {436--444},
  publisher =     {Nature Publishing Group},
  title =         {{Deep learning}},
  volume =        {521},
  year =          {2015},
  doi =           {10.1038/nature14539},
  issn =          {0028-0836},
  url =           {http://www.nature.com/articles/nature14539},
}

@article{bartos2017open,
  author =        {Bartos, Matthew and Wong, Brandon and Kerkez, Branko},
  journal =       {arXiv preprint arXiv:1708.05172},
  title =         {Open storm: a complete framework for sensing and
                   control of urban watersheds},
  year =          {2017},
}

@article{henderson2017deep,
  author =        {Henderson, Peter and Islam, Riashat and
                   Bachman, Philip and Pineau, Joelle and Precup, Doina and
                   Meger, David},
  journal =       {arXiv preprint arXiv:1709.06560},
  title =         {Deep reinforcement learning that matters},
  year =          {2017},
}

@article{aytar2018playing,
  author =        {Aytar, Yusuf and Pfaff, Tobias and Budden, David and
                   Paine, Tom Le and Wang, Ziyu and de Freitas, Nando},
  journal =       {arXiv preprint arXiv:1805.11592},
  title =         {Playing hard exploration games by watching YouTube},
  year =          {2018},
}

@book{Rossman2010Storm5.1,
  author =        {Rossman, Lewis A},
  publisher =     {US Environmental Protection Agency},
  title =         {{Storm Water Management Model User's Manual Version
                   5.1}},
  year =          {2010},
}

@article{Elliott2007ADrainage,
  author =        {Elliott, A.H. and Trowsdale, S.A.},
  journal =       {Environmental Modelling {\&} Software},
  month =         {3},
  number =        {3},
  pages =         {394--405},
  publisher =     {Elsevier},
  title =         {{A review of models for low impact urban stormwater
                   drainage}},
  volume =        {22},
  year =          {2007},
  doi =           {10.1016/J.ENVSOFT.2005.12.005},
  issn =          {1364-8152},
  url =           {https://www.sciencedirect.com/science/article/pii/
                  S1364815206000053},
}

@article{Riano-Briceno2016MatSWMMSystems,
  author =        {Ria{\~{n}}o-Brice{\~{n}}o, G. and Barreiro-Gomez, J. and
                   Ramirez-Jaime, A. and Quijano, N. and
                   Ocampo-Martinez, C.},
  journal =       {Environmental Modelling {\&} Software},
  month =         {9},
  pages =         {143--154},
  publisher =     {Elsevier},
  title =         {{MatSWMM – An open-source toolbox for designing
                   real-time control of urban drainage systems}},
  volume =        {83},
  year =          {2016},
  doi =           {10.1016/J.ENVSOFT.2016.05.009},
  issn =          {1364-8152},
  url =           {https://www.sciencedirect.com/science/article/pii/
                  S1364815216301451},
}

@misc{aaswmm,
  author =        {CDMSmith},
  note =          {Accessed: 2018-09-25},
  title =         {City of Ann Arbor Stormwater Model Calibration and
                   Analysis Project},
  year =          {2015},
}

@article{lecun2015deep,
  author =        {LeCun, Yann and Bengio, Yoshua and Hinton, Geoffrey},
  journal =       {nature},
  number =        {7553},
  pages =         {436},
  publisher =     {Nature Publishing Group},
  title =         {Deep learning},
  volume =        {521},
  year =          {2015},
}

@inproceedings{AbadiThisLearning,
  author =        {Abadi, Mart{\'\i}n and Barham, Paul and Chen, Jianmin and
                   Chen, Zhifeng and Davis, Andy and Dean, Jeffrey and
                   Devin, Matthieu and Ghemawat, Sanjay and
                   Irving, Geoffrey and Isard, Michael and others},
  booktitle =     {OSDI},
  pages =         {265--283},
  title =         {Tensorflow: a system for large-scale machine
                   learning.},
  volume =        {16},
  year =          {2016},
}

@book{goodfellow2016deep,
  author =        {Goodfellow, Ian and Bengio, Yoshua and
                   Courville, Aaron and Bengio, Yoshua},
  publisher =     {MIT press Cambridge},
  title =         {Deep learning},
  volume =        {1},
  year =          {2016},
}

@article{ioffe2015batch,
  author =        {Ioffe, Sergey and Szegedy, Christian},
  journal =       {arXiv preprint arXiv:1502.03167},
  title =         {Batch normalization: Accelerating deep network
                   training by reducing internal covariate shift},
  year =          {2015},
}

@article{scs1986urban,
  author =        {Scs, US},
  journal =       {US Department of Agriculture, US Government Printing
                   Office, Washington, DC},
  title =         {Urban Hydrology for Small Watersheds, Technical
                   Release No. 55 (TR-55)},
  year =          {1986},
}

@inproceedings{ng1999policy,
  author =        {Ng, Andrew Y and Harada, Daishi and Russell, Stuart},
  booktitle =     {ICML},
  pages =         {278--287},
  title =         {Policy invariance under reward transformations:
                   Theory and application to reward shaping},
  volume =        {99},
  year =          {1999},
}

@article{larochelle2009exploring,
  author =        {Larochelle, Hugo and Bengio, Yoshua and
                   Louradour, J{\'e}r{\^o}me and Lamblin, Pascal},
  journal =       {Journal of machine learning research},
  number =        {Jan},
  pages =         {1--40},
  title =         {Exploring strategies for training deep neural
                   networks},
  volume =        {10},
  year =          {2009},
}

@inproceedings{osband2016deep,
  author =        {Osband, Ian and Blundell, Charles and
                   Pritzel, Alexander and Van Roy, Benjamin},
  booktitle =     {Advances in neural information processing systems},
  pages =         {4026--4034},
  title =         {Deep exploration via bootstrapped DQN},
  year =          {2016},
}

@article{clavera2018model,
  author =        {Clavera, Ignasi and Rothfuss, Jonas and
                   Schulman, John and Fujita, Yasuhiro and Asfour, Tamim and
                   Abbeel, Pieter},
  journal =       {arXiv preprint arXiv:1809.05214},
  title =         {Model-Based Reinforcement Learning via Meta-Policy
                   Optimization},
  year =          {2018},
}

@article{Schulman2017ProximalAlgorithms,
  author =        {Schulman, John and Wolski, Filip and
                   Dhariwal, Prafulla and Radford, Alec and
                   Klimov, Oleg},
  journal =       {arXiv preprint arXiv:1707.06347},
  title =         {Proximal policy optimization algorithms},
  year =          {2017},
}

@article{fu2017learning,
  author =        {Fu, Justin and Luo, Katie and Levine, Sergey},
  journal =       {arXiv preprint arXiv:1710.11248},
  title =         {Learning Robust Rewards with Adversarial Inverse
                   Reinforcement Learning},
  year =          {2017},
}

@article{espeholt2018impala,
  author =        {Espeholt, Lasse and Soyer, Hubert and Munos, Remi and
                   Simonyan, Karen and Mnih, Volodymir and Ward, Tom and
                   Doron, Yotam and Firoiu, Vlad and Harley, Tim and
                   Dunning, Iain and others},
  journal =       {arXiv preprint arXiv:1802.01561},
  title =         {IMPALA: Scalable distributed Deep-RL with importance
                   weighted actor-learner architectures},
  year =          {2018},
}

@misc{OpenAI_dota,
  author =        {OpenAI},
  title =         {OpenAI Five},
  year =          {2018},
}

@article{depeweg2016learning,
  author =        {Depeweg, Stefan and
                   Hern{\'a}ndez-Lobato, Jos{\'e} Miguel and
                   Doshi-Velez, Finale and Udluft, Steffen},
  journal =       {arXiv preprint arXiv:1605.07127},
  title =         {Learning and policy search in stochastic dynamical
                   systems with bayesian neural networks},
  year =          {2016},
}

@inproceedings{gu2016continuous,
  author =        {Gu, Shixiang and Lillicrap, Timothy and
                   Sutskever, Ilya and Levine, Sergey},
  booktitle =     {International Conference on Machine Learning},
  pages =         {2829--2838},
  title =         {Continuous deep q-learning with model-based
                   acceleration},
  year =          {2016},
}

@article{tokar1999rainfall,
  author =        {Tokar, A Sezin and Johnson, Peggy A},
  journal =       {Journal of Hydrologic Engineering},
  number =        {3},
  pages =         {232--239},
  publisher =     {American Society of Civil Engineers},
  title =         {Rainfall-runoff modeling using artificial neural
                   networks},
  volume =        {4},
  year =          {1999},
}

@book{chollet2017deep,
  author =        {Chollet, Francois},
  publisher =     {Manning Publications Co.},
  title =         {Deep learning with python},
  year =          {2017},
}

